2548 3930
142 199 143 208 ἵ
178 203 228 278 964
321 226 328 314 ’ἵ
350 236 392 276 nn
413 235 515 312 ιιιιιιο
535 234 734 282 rvcvsnnnso
756 235 783 276 e.
806 223 847 282 93
870 226 914 281 94.
935 227 979 282 95.

178 384 377 451 centuriones,
390 383 541 460 omnisque
555 382 776 458 liguriparere
789 381 883 452 iubet,
905 389 933 444 et
954 381 1009 462 [ei]
1027 384 1147 458 negotio

43 511 45 522 ,
126 469 166 530 94
177 461 350 543 proxumum
373 465 619 526 dienrconstituit.
657 465 707 524 Set
729 464 779 526 ubl
800 485 835 526 ex
854 472 1010 543 praecepto
1032 472 1149 542 tenipus

175 552 281 618 risum,
298 551 404 628 paratis
410 545 632 646 conpositisque
646 548 782 609 omnibus
794 548 830 609 ad
848 548 944 610 locum
960 549 1063 626 pergit.
1091 547 1146 608 Ce-

174 640 271 694 terum
291 632 346 703 illi,
369 634 419 710 qui
438 632 585 691 escensuri
601 637 696 701 erant,
718 632 866 711 praedocti
888 633 924 694 ab
946 632 1034 700 duce,
1063 649 1147 693 arma

132 717 367 808 ornatumque
389 720 584 784 mutaverant,
612 716 705 792 capite
724 722 810 793 atque
830 715 954 794 pedibus
977 715 1074 783 nudis,
1103 717 1172 777 ntis

132 787 345 877 prospectus
367 801 504 875 nisusque
518 815 577 874 per
599 816 668 858 saxa
693 797 811 858 facilius
831 798 920 860 leret:
948 816 1036 876 super
1062 805 1170 874 terga

154 881 260 958 gladii
274 890 303 942 et
316 888 410 949 scuta,
426 899 527 941 verum
542 899 575 942 ea
592 881 742 941 Numidica
759 900 795 943 ex
810 883 909 950 coriis,
925 881 1062 960 ponderis
1078 899 1147 958 gra·

148 967 212 1026 etia
226 964 311 1039 simul
331 971 360 1036 et,
378 963 498 1025 oblensa
515 982 572 1062 quo
587 964 677 1025 levius
693 972 864 1048 streperent.
901 965 991 1041 Igitur
1007 981 1147 1041 praegre-

174 1029 255 1108 diens
270 1049 357 1126 Ligus
371 1066 439 1108 saxa
453 1054 483 1108 et
503 1045 616 1127 siquae
633 1055 760 1110 vetustae
778 1049 891 1110 radices
907 1046 1087 1115 eminebant,
1103 1047 1147 1108 la-

174 1132 256 1208 queis
269 1131 420 1199 vinciebat,
442 1131 548 1210 quibus
563 1131 684 1199 adlevati
693 1117 803 1192 milites
817 1132 929 1192 facilius
943 1131 1144 1198 escenderent,
1157 1154 1184 1194 ro

173 1215 318 1274 interdum
334 1214 449 1275 timidos
471 1215 622 1278 insolentia
643 1216 753 1276 itineris
766 1214 863 1275 levare
877 1233 980 1276 manu:
994 1213 1045 1274 ubi
1061 1213 1168 1292 paulo·

174 1300 304 1374 asperior
320 1297 478 1358 adscensus
496 1304 573 1366 erat,
595 1297 723 1393 singulos
739 1315 810 1374 prae
824 1315 856 1358 se
873 1299 1002 1359 inermos
1020 1299 1147 1364 mittere,

174 1381 301 1441 deiude
293 1399 366 1458 rpse
363 1398 438 1440 cum
453 1379 570 1441 illorum
584 1382 671 1440 armis
685 1381 782 1464 sequi·
798 1399 872 1458 quae
887 1380 974 1442 dubia
988 1382 1055 1442 nisu
1068 1380 1147 1442 vide·

173 1463 290 1533 bantur,
306 1463 482 1540 potissumus
496 1469 647 1541 temptare,
663 1480 698 1523 ac
714 1466 829 1541 saepius
843 1465 945 1524 eadem
965 1463 1147 1526 adscendens

174 1547 427 1625 descendensque,
455 1546 521 1606 dein
542 1549 637 1606 statim
663 1547 843 1624 digrediens,
865 1550 969 1608 ceteris
997 1547 1184 1610 audaciamas

106 1687 109 1691 .
150 1631 291 1696 aaddere
321 1630 412 1708 lgitur
427 1631 476 1690 diu
491 1630 672 1708 multumque
692 1631 800 1708 latigati
817 1631 956 1692 tandem
948 1649 977 1691 ιιι
998 1628 1148 1691 castellum
1233 1625 1234 1642 ¹

157 1716 355 1798 perveniunt,
378 1713 526 1774 desertum
547 1713 582 1774 ab
602 1732 635 1774 ea
650 1721 741 1790 parte,
766 1715 844 1792 quod
866 1731 975 1784 omnes,
992 1715 1066 1774 sicut
1085 1711 1147 1780 aliis

157 1791 293 1866 diebus,
317 1798 471 1858 advorsum
493 1797 584 1858 hostis
604 1798 733 1858 aderant.
777 1797 885 1858 Marius
911 1797 963 1858 ubi
983 1816 1019 1858 ex
1039 1797 1147 1856 nuntiis

175 1899 250 1958 quae
271 1880 360 1956 Ligus
384 1887 485 1955 egerat
505 1882 652 1956 cognovit,
676 1898 851 1968 quamquam
871 1887 932 1942 toto
954 1881 1000 1942 die
1021 1881 1146 1942 intentos

173 1962 285 2040 proelio
307 1961 455 2022 Numidas
463 1961 620 2032 habuerat,
639 1969 702 2022 tum
722 1981 791 2023 uero
812 1965 980 2024 cohortatus
993 1963 1098 2024 milites
1118 1969 1182 2026 etso
1233 1997 1234 2026 i

55 2099 58 2112 .
173 2049 235 2123 ipse
253 2052 335 2106 extra
349 2046 447 2105 vineas
462 2052 508 2105 est
526 2061 677 2121 egressus:
699 2045 842 2107 testudine
856 2053 919 2108 acta
941 2047 1099 2110 succedere
1118 2051 1149 2106 et
1233 2039 1234 2050 ’

174 2129 259 2191 simul
273 2128 387 2190 hostem
402 2130 552 2190 tormentis
563 2129 774 2208 sagittariisque
790 2136 818 2190 et
829 2129 1024 2191 funditoribus
1037 2132 1147 2192 eminus

86 2243 92 2258 κ
148 2220 296 2276 sterrere.
333 2213 370 2274 tt
389 2213 530 2274 Numidae
549 2231 637 2291 saepe
651 2219 735 2274 antea
756 2215 846 2274 vineis
859 2213 1059 2276 Romanorum
1078 2211 1147 2274 sub-

173 2300 280 2368 vorsis,
300 2299 369 2358 item
387 2299 512 2358 incensis
526 2315 585 2356 non
600 2296 708 2358 castelli
722 2298 875 2358 moenibus
889 2315 952 2358 sese
966 2297 1146 2366 tutabantur,
1233 2355 1234 2360 ,

174 2388 219 2441 set
239 2399 293 2458 pro
312 2399 398 2442 muro
420 2381 481 2442 dies
497 2382 648 2459 noctisque
665 2383 787 2458 agitare,
809 2379 995 2442 maledicere
1009 2380 1182 2442 Romaniano
1233 2419 1234 2426 ,

174 2481 209 2523 ac
229 2465 319 2534 Mario
339 2465 505 2525 vecordiam
526 2464 688 2534 obiectare,
710 2465 848 2526 militibus
868 2466 975 2526 nostris
988 2463 1148 2540 Iugurthae
1195 2511 1199 2523 ,
1233 2495 1234 2498 ¹

148 2548 456 2621 asepvitium‘minari,
471 2547 606 2608 secundis
619 2549 710 2609 rebus
724 2548 837 2610 seroces
853 2551 924 2610 esse.
949 2549 1068 2610 lnterim
1084 2566 1148 2608 om·

172 2627 268 2696 nibus,
285 2629 423 2690 Romanis
438 2629 640 2708 hostibusque,
656 2631 768 2709 proelio
783 2634 908 2702 intentis,
924 2650 1027 2710 magua
1044 2632 1146 2706 utrim-
1233 2625 1234 2630 ’

173 2729 230 2791 que
245 2714 272 2772 vi
285 2730 340 2790 pro
355 2711 447 2788 gloria
461 2720 549 2790 atque
562 2713 676 2790 inperio
692 2714 747 2783 his,
762 2714 817 2774 illis
835 2733 890 2794 pro
905 2715 996 2777 salute
1010 2715 1146 2774 certanti·
1233 2779 1234 2790 χ

172 2797 237 2866 bus,
259 2803 380 2876 repente
402 2799 524 2874 atergo
542 2797 625 2871 signa
645 2814 764 2858 canere·
787 2815 822 2858 ac
843 2799 938 2875 primo
959 2797 1096 2860 mulieres
1116 2803 1182 2863 etio
1233 2821 1234 2876 q

171 2883 271 2957 pueri,
294 2883 343 2961 qui
356 2883 448 2942 visum
461 2886 678 2960 processerant,
702 2879 821 2958 lugere,
843 2882 947 2946 deinde
969 2884 1011 2943 uti
1025 2882 1146 2961 quisque
1233 2879 1234 2968 l

173 2981 257 3022 ιιιιιιιι
272 2981 434 3040 proxumus
449 2971 520 3036 erat,
536 2969 683 3061 postremo
705 2966 810 3034 cuncti,
825 2968 931 3026 armati
951 2968 1183 3054 inermesque.
1233 2999 1234 3018 r

146 3045 258 3122 qQood
281 3047 330 3108 ubi
357 3049 476 3117 accidit,
500 3067 535 3109 eo
555 3049 651 3108 acrius
671 3047 795 3109 Romani
815 3050 938 3118 instare,
967 3049 1089 3111 tundere
1112 3067 1146 3108 ac

72 3181 74 3186 ,
173 3128 330 3208 plerosque
356 3138 468 3194 tanturn
494 3131 581 3192 modo
603 3133 748 3200 sauciare,
776 3133 844 3193 dein
864 3151 953 3210 super
982 3135 1146 3194 occisorum

176 3231 300 3291 corpora
316 3215 435 3284 radere,
455 3216 529 3276 avidi
541 3213 651 3291 gloriae
667 3222 810 3276 certantes
824 3235 941 3280 murum
954 3223 1070 3294 petere,
1092 3233 1143 3276 ne·
1155 3239 1181 3282 aa
1233 3233 1234 3308 q

147 3307 231 3374 'tque
246 3315 419 3378 quemquam
434 3299 563 3359 omnium
579 3299 688 3378 praeda
703 3301 820 3360 marari.
855 3301 904 3361 Sic
917 3300 993 3361 iorte
1008 3307 1145 3362 conrccta
1233 3325 1234 3364 ι

174 3378 246 3440 llari
266 3383 413 3443 temeritas
435 3379 555 3459 gloriam
578 3401 615 3444 ex
636 3383 720 3464 culpa
741 3384 856 3445 inuenit

124 3464 164 3524 95
258 3464 394 3528 Ceterum
414 3465 484 3526 dum
505 3485 539 3526 ea
558 3483 607 3526 res
627 3467 753 3544 geritau,
775 3467 807 3530 L.
823 3467 911 3530 Sulla·
923 3472 1059 3545 quaestor
1077 3486 1145 3530 eum
