2536 3936
199 239 240 298 34
347 257 389 296 nn
410 255 580 296 cnrrmunn
604 253 844 296 conrvnsrroun
867 253 895 295 ο.
915 244 958 298 ni·
979 245 1022 297 58.

80 404 83 409 ’
199 405 325 473 sidebat,
349 423 383 464 ex
401 403 566 464 difficultate
583 419 684 462 rerum
701 402 802 463 eadem
818 401 865 462 illa
882 402 1072 468 existumans,
1095 417 1174 479 quae

173 503 288 566 3supra
310 490 448 557 diximus,
470 485 620 547 Catilinam
639 487 757 564 agitare.
800 485 892 564 lgitur
909 485 961 544 ubi
974 485 1029 546 iter
1050 486 1113 545 eius
1134 504 1171 546 ex

199 573 330 652 perfugis
345 572 488 649 cognovit,
505 576 601 630 castra
621 586 747 647 propere
768 571 857 630 movit
872 587 908 629 ac
927 568 981 629 sub
1002 571 1072 645 ipsis
1092 572 1172 631 radi·

200 656 282 718 cibus
298 657 439 716 montium
461 653 604 724 consedit,
627 671 683 732 qua
701 653 741 713 illi
756 654 913 714 descensus
927 659 990 713 erat
1002 654 1033 712 in
1049 653 1173 729 Galliam

172 741 375 817 sproperanli.
398 737 499 816 Neque
510 746 608 798 tamen
618 737 758 798 Antonius
769 735 872 814 procul
883 737 992 806 aberat,
1003 743 1104 814 utpote
1120 741 1195 818 quis

199 841 305 902 magno
320 823 448 883 exercitu
462 821 534 882 locis
548 821 733 900 aequioribus
747 821 898 898 expeditus
908 823 1052 896 inpeditos
1062 823 1093 881 iu
1103 823 1174 900 fuga

173 912 380 984 5sequeretur.
405 905 457 966 Set
469 905 589 966 Catilina
603 911 757 983 postquam
770 905 847 965 videt
859 903 1006 964 montibus
1021 911 1107 984 atque
1122 923 1172 967 co-

198 992 255 1067 piis
265 991 392 1050 hostium
403 1007 467 1050 sese
479 988 619 1057 clausum,
629 991 659 1048 in
669 990 744 1051 urbe
753 1006 801 1049 res
811 988 961 1056 adversas,
975 1006 1071 1068 neque
1085 990 1173 1068 fugae

199 1091 294 1151 neque
310 1073 437 1150 praesidi
449 1073 538 1134 ullam
552 1090 643 1151 spem,
664 1080 815 1150 optumum
836 1073 914 1133 factu
930 1079 1011 1133 ratus
1025 1075 1054 1133 in
1074 1073 1122 1134 tali
1138 1091 1173 1134 re

199 1158 347 1218 fortunam
360 1157 429 1218 belli
445 1164 589 1235 temptare
606 1157 705 1218 statuit
719 1175 786 1217 cum
802 1156 926 1216 Antonio
941 1173 1028 1236 quom
1044 1158 1172 1236 primum
1182 1173 1206 1217 u

60 1267 62 1280 ·
94 1243 103 1259 ⁸
200 1240 367 1319 confligere.
407 1241 508 1319 ltaque
523 1241 659 1300 contione
673 1240 812 1301 advocata
828 1239 950 1346 huiusce
964 1241 1043 1301 modi
1064 1243 1173 1302 oratio·

198 1343 267 1385 nem
286 1325 400 1386 habuit:

150 1420 190 1482 58
283 1407 470 1484 ‘Conpertum
491 1423 545 1484 ego
568 1406 679 1476 haheo,
708 1406 826 1476 milites,
848 1407 937 1468 verba
958 1410 1173 1469 virtutemnon

200 1493 315 1560 addere,
333 1509 428 1568 neque
450 1509 485 1552 ex
504 1493 607 1568 ignavo
621 1497 773 1552 strenuum
789 1509 885 1570 neque
903 1492 1010 1552 lortem
1023 1507 1059 1553 ex
1071 1493 1173 1552 timido
1252 1501 1253 1508 ’

98 1635 99 1638 ,
172 1577 360 1648 oexercitum
374 1577 504 1636 oratione
515 1575 770 1653 inperatorisiieri.
792 1575 904 1647 Quanta
920 1577 1060 1654 cuiusque
1077 1577 1173 1636 animo
1183 1592 1209 1632 ss

201 1661 320 1722 audacia
332 1666 436 1721 natura
450 1667 500 1721 aut
510 1658 641 1721 moribus
655 1661 737 1728 inest,
751 1661 870 1720 tantuin
884 1659 961 1720 bello
976 1666 1075 1737 putere
1086 1659 1173 1720 solet:

200 1763 286 1824 quem
302 1761 397 1822 neque
409 1744 498 1822 gloria
511 1761 607 1822 neque
621 1743 750 1820 pericula
765 1747 899 1813 excitant,
915 1746 1089 1822 nequiquam
1103 1743 1175 1803 hor-

174 1835 277 1894 3tere:
297 1830 385 1887 timor
406 1829 493 1886 animi
514 1827 635 1886 auribus
650 1826 756 1886 obiicit.
789 1829 840 1888 Set
858 1845 913 1904 ego
934 1844 985 1885 vos
1006 1844 1064 1905 quo
1081 1843 1175 1902 pauca

199 1927 351 1969 monerem
367 1908 510 1976 advocavi,
527 1907 612 1968 simul
626 1911 668 1968 uti
683 1925 815 1969 caussam
829 1911 887 1968 mei
901 1908 1001 1968 consili
1017 1911 1173 1984 aperirem.

173 2016 189 2061 4
283 1991 367 2051 Scitis
383 1990 526 2069 equidem,
544 1990 656 2059 milites,
678 1991 811 2051 socordia
828 1998 914 2069 atque
932 1991 1043 2067 ignavia
1059 1991 1210 2054 Lentidios

199 2082 336 2154 quantam
353 2074 408 2152 ipsi
418 2074 561 2152 nobisque
573 2074 685 2134 cladem
699 2073 842 2143 adtulerit,
859 2075 1087 2153 quoquomodo,
1103 2077 1175 2137 dum

200 2177 235 2221 ex
249 2158 323 2219 urbe
336 2157 481 2236 praesidia
493 2158 640 2236 obperior,
652 2158 682 2218 in
692 2156 814 2218 Galliam
824 2158 969 2237 proticisci
983 2162 1171 2238 nequiverim.

176 2243 285 2311 siluno
305 2261 375 2303 vero
398 2259 455 2322 quo
477 2240 535 2324 [in]
556 2242 620 2303 loco
641 2259 690 2303 res
710 2249 827 2304 nostrae
854 2245 927 2311 sint,
958 2245 1036 2304 iuxta
1058 2249 1173 2306 niecum

173 2341 300 2392 somnes
321 2326 494 2406 intellegitis.
535 2327 687 2388 Exercitus
704 2328 831 2388 hostiurn
849 2327 917 2396 duo,
941 2343 1018 2389 unus
1035 2328 1072 2389 ab
1087 2327 1172 2396 urbe,

199 2411 272 2470 alter
291 2410 412 2470 aGallia
429 2411 559 2472 obstant:
582 2412 688 2472 diutius
705 2413 736 2472 in
753 2412 798 2472 his
814 2411 886 2472 locis
899 2427 977 2481 esse,
997 2413 1021 2472 si
1037 2427 1210 2473 maxumess
1250 2449 1251 2481 ,

199 2495 312 2552 animus
327 2492 417 2561 ierat,
432 2494 570 2555 lrvmrenti
585 2501 672 2572 atque
687 2495 809 2556 aliarum
822 2513 923 2556 rerum
940 2501 1053 2572 egestas
1072 2494 1173 2573 prohi-

150 2575 264 2638 vshet:
279 2591 464 2651 quocumque
482 2578 525 2635 ire
540 2576 644 2653 placet,
658 2577 739 2636 terro
752 2579 808 2638 iter
823 2577 1014 2654 aperiundum
1030 2583 1081 2636 est.
1110 2576 1174 2645 Qua

199 2663 320 2735 propter
334 2673 386 2716 vos
396 2673 516 2727 moneo,
531 2661 574 2738 uti
589 2658 657 2718 torti
670 2665 756 2736 atque
770 2666 873 2737 parato
887 2661 983 2718 animo
994 2660 1055 2718 sitis
1066 2665 1095 2719 et
1106 2677 1176 2721 curn

199 2740 341 2820 proelium
348 2740 455 2802 inthius
465 2743 652 2802 memineritis
663 2759 713 2802 vos
724 2742 834 2803 divitias
844 2742 934 2803 decus
944 2740 1075 2819 gloriam,
1087 2759 1175 2822 proe-

198 2833 279 2887 terea
306 2825 469 2887 libertatem
488 2832 574 2906 atque
600 2827 723 2903 patriam
748 2827 778 2886 in
792 2826 900 2887 dextris
918 2827 1023 2886 vostris
1043 2833 1213 2906 portarem

175 2910 232 2975 esi
247 2911 403 2980 vincimus,
430 2911 525 2970 omnia
547 2909 631 2970 nobis
651 2916 713 2971 tuta
735 2916 834 2980 erunt,
857 2916 1025 2972 conmeatus
1046 2909 1173 2982 abunde,

177 2995 356 3070 ¹municipia
376 3001 463 3074 atque
484 2994 613 3055 coloniae
633 2993 794 3072 'pambuntt
823 2997 868 3056 sin
888 3001 967 3055 metu
989 2998 1174 3065 cesserimus,

159 3073 302 3145 10eadem
320 3077 367 3137 illa
388 3077 509 3138 advorsa
523 3079 606 3138 flent·
630 3094 726 3157 neque
743 3078 834 3148 locus,
854 3097 951 3158 neque
971 3082 1081 3142 amicus
1094 3081 1176 3158 quis-

160 3173 190 3226 ιι
203 3175 290 3237 quam
308 3165 396 3235 teget,
419 3179 506 3240 quem
527 3179 683 3222 armenon
690 3165 831 3224 texerint.
865 3164 1034 3232 Praeterea,
1057 3161 1175 3232 milites,

200 3259 260 3303 non
276 3242 377 3304 eadem
392 3245 477 3305 nobis
499 3253 529 3306 et
540 3245 596 3306 illis
609 3247 793 3308 necessitudo
808 3248 960 3327 inpendet:
980 3263 1035 3306 nos
1049 3261 1105 3324 pro
1119 3263 1175 3324 pa·
1161 3263 1212 3304 -as

199 3328 256 3386 tria
267 3343 324 3405 qsro
339 3325 473 3389 libenate
487 3345 543 3408 pro
553 3332 609 3391 vita
624 3338 780 3399 cumulus,
794 3330 851 3393 illis
867 3345 1114 3409 supervacaneum
1129 3338 1176 3390 est
1246 3397 1247 3400 Ἴ

160 3425 332 3558 1²pugnare
346 3427 402 3490 pro
418 3416 546 3490 potentia
561 3431 731 3494 paucorum.

252 3494 349 3566 Quo
363 3494 502 3558 audaeus
518 3497 718 3576 adgredimini,
738 3515 884 3572 memmes
896 3499 1033 3584 pristinae
1046 3499 1172 3560 virtutis
