2548 3930
356 191 401 236 nn
420 191 523 232 sceno
545 134 742 267 rvovsrnuro
762 189 789 231 e.
810 179 854 234 ιι.
874 183 918 237 93.
1079 175 1123 236 95

38 333 42 348 ’
154 346 296 402 enatura
318 336 395 398 velut
415 354 504 414 opere
525 344 611 416 etque
623 339 755 398 consulto
776 355 925 416 praeceps.
969 339 1061 410 Quem
1081 313 1150 406 to-‘e

120 431 129 437 ’
155 443 220 484 cum
238 422 354 489 llurius,
379 421 456 498 quod
472 421 511 480 ihi
527 421 605 498 regis
620 421 768 482 thensauri
784 427 875 487 crant,
897 439 1009 482 summe
1028 425 1054 482 vi
1073 441 1124 496 ¹oa·

153 524 224 586 pere
239 505 369 565 intendit.
404 504 454 564 Set
470 521 502 564 ee
519 522 567 564 res
584 505 660 566 lorte
676 523 767 584 guam
781 504 901 566 consilio
917 504 1019 565 melius
1033 515 1149 582 gester
1189 509 1217 588 J

155 590 228 650 Nem
245 587 361 648 castello
381 589 510 647 virorum
524 595 610 666 etque
625 606 773 648 ermorum
788 590 871 656 setis,
889 605 993 665 magne
1009 590 1049 649 vis
1064 591 1124 650 iru-

133 674 244 732 smenti
260 678 286 732 et
303 672 368 730 lons
383 689 484 749 aquee,
502 672 658 748 aggeribus
673 672 858 750 turribusque
880 670 923 752 [et
940 670 1002 731 eliis
1017 675 1124 735 rnerhi·

154 753 333 834 nationibus]
354 753 437 814 locus
451 757 639 851 inportunus,
659 756 714 814 iter
733 754 954 815 castellanorum
970 764 1124 853 augustum

153 839 325 905 admodum,
345 839 491 916 utrimque
506 839 678 914 praecisum
709 837 814 898 Vineee
836 856 902 898 cum
920 839 1028 915 ingenti
1049 857 1123 916 perr
1131 855 1150 905 8

155 922 222 982 culo
244 922 348 984 irustre
365 920 541 996 agebantur:
560 939 627 980 nem
650 939 788 981 cumeae
808 921 896 999 peul‘o
912 930 1122 1014 prpcesserant,

154 1007 215 1083 igni
229 1011 278 1066 ant
293 1004 436 1082 lapidibus
451 1004 731 1080 conrumpehentnr:
747 1004 851 1064 milites
862 1022 955 1082 neque
971 1023 1024 1082 pro
1036 1023 1124 1082 opere

121 1080 313 1152 inconsistere
330 1093 450 1164 propter
465 1088 643 1166 iniquitatem
657 1087 723 1157 loci,
745 1105 839 1166 neque
855 1088 930 1147 inter
946 1089 1042 1148 rinees
1062 1091 1124 1150 sine

153 1170 284 1250 periculo
295 1172 513 1231 administrare:
530 1179 666 1247 optumus
680 1173 801 1251 quisque
813 1171 918 1230 cadere
929 1177 978 1230 aut
991 1173 1122 1240 sauciari,

154 1257 258 1315 ceteris
273 1262 370 1314 metus
384 1254 492 1329 angeri.
535 1255 571 1313 lc
585 1254 692 1315 llerius
705 1254 802 1315 multis
816 1254 918 1315 diebus
932 1260 961 1314 et
976 1252 1124 1314 laboribus
1133 1257 1173 1319 93

155 1340 333 1416 consumptis
347 1339 450 1396 anxius
465 1336 580 1398 trahere
596 1356 663 1398 cum
678 1340 773 1399 enimo
789 1355 858 1407 suo,
883 1339 1066 1398 omitteretne
1080 1339 1123 1398 in-

155 1431 285 1497 ceptum,
304 1421 439 1497 quoniam
452 1421 559 1480 irustre
574 1429 650 1490 eret,
667 1439 709 1480 an
718 1421 864 1484 lortnnem
879 1423 1052 1498 operiretur,
1067 1439 1122 1500 qua

121 1529 145 1568 ιι
154 1521 241 1582 saepe
261 1521 402 1582 prospere
420 1521 492 1564 usus
512 1503 616 1564 iuerat.
658 1505 738 1591 Quae
758 1523 825 1565 curu
844 1504 951 1565 multos
971 1505 1033 1566 dies
1054 1521 1121 1566 noc·
1132 1521 1148 1568 2

153 1589 248 1666 tisque
269 1593 404 1647 aestuans
424 1589 558 1662 agitaret,
586 1588 662 1647 lorte
683 1576 799 1666 quidem
818 1588 921 1664 Ligus,
940 1606 976 1648 ex
998 1587 1123 1648 cohorti·

153 1670 210 1730 hus
230 1669 384 1731 auxiliariis
407 1670 491 1730 miles
511 1672 676 1748 gregarius,
702 1673 802 1732 eastris
827 1679 964 1749 aquatum
989 1687 1124 1753 egressus
1209 1711 1216 1718 -

153 1753 226 1814 haut
242 1753 344 1851 procul
360 1753 397 1814 eb
419 1753 509 1814 letere
530 1753 651 1822 castelli,
675 1755 753 1832 quod
769 1772 903 1816 avorsum
918 1754 1124 1832 proeliantibus

156 1842 233 1903 eret,
250 1838 377 1898 enimurn
392 1838 516 1898 edtortit
536 1839 610 1912 inter
624 1855 693 1898 sere
707 1840 835 1916 repentis
849 1837 977 1900 cocleas:
1000 1856 1123 1916 quarum

119 1938 221 1984 cocum
241 1937 327 1981 unem
346 1929 433 2000 etque
454 1921 587 1990 elterem,
610 1921 677 1982 dein
699 1921 797 2000 plures
819 1929 944 2000 peteret,
966 1922 1060 1982 studio
1082 1921 1122 1982 le·

141 2005 244 2080 gondi
261 2004 394 2081 pauletirn
408 2023 499 2083 prope
514 2006 550 2065 ad
566 2020 712 2066 summum
727 2009 833 2066 montis
848 2023 982 2082 egressus
997 2011 1049 2066 est.
1069 2004 1148 2068 Unio

154 2094 306 2165 postquem
321 2089 505 2149 solitudinem
520 2088 667 2156 intellexit,
679 2107 762 2149 more
773 2091 870 2166 ingeni
883 2089 1002 2150 hnmani
1016 2089 1121 2164 cupido

154 2170 278 2231 difficilia
293 2170 419 2230 faciundi
434 2173 561 2231 enimum
576 2173 670 2230 vortit.
682 2200 688 2206 ·
701 2172 738 2231 Ει
748 2171 822 2232 forte
837 2174 866 2231 in
877 2189 912 2232 eo
927 2170 991 2230 loco
1005 2171 1148 2248 grendist

155 2251 212 2312 ilex
226 2253 374 2314 coaluerat
387 2254 463 2313 inter
478 2270 560 2323 sere,
577 2253 695 2330 paulum
710 2255 797 2314 modo
812 2272 913 2334 prone,
930 2253 1034 2314 deinde
1048 2253 1122 2315 llere

119 2342 240 2414 eatque
258 2343 340 2396 encta
358 2338 386 2395 in
402 2336 595 2405 altitudinem,
620 2355 679 2415 quo
699 2344 801 2398 cuncte
822 2339 998 2414 gignentium
1019 2344 1122 2400 nature

154 2418 225 2478 lert·
244 2422 326 2480 cuins
341 2422 429 2480 remis
443 2420 539 2488 modo,
555 2421 642 2482 modo
652 2421 845 2482 eminentibus
856 2423 932 2482 sexis
945 2422 1025 2481 nisus
1035 2421 1122 2498 Ligus

102 2569 106 2582 ¹
155 2503 262 2564 castelli
278 2503 425 2580 planitiem
439 2511 649 2580 perscrutetur,
665 2506 742 2583 quod
758 2508 853 2566 cuncti
866 2505 1006 2566 Numidae
1021 2507 1122 2566 intenti

153 2586 363 2672 proelientihns
378 2587 506 2648 aderent.
539 2587 702 2666 Exploratis
719 2589 869 2658 omnibus,
892 2607 966 2667 queo
984 2608 1050 2650 mox
1066 2606 1145 2654 usne

153 2671 216 2729 lore
231 2659 364 2739 ducebat,
381 2671 482 2731 eadem
496 2673 671 2748 regreditur,
686 2691 744 2733 non
762 2681 871 2735 temere
885 2675 925 2733 uti
942 2672 1119 2739 escenderat,

118 2759 199 2818 eeset
213 2759 355 2828 temptans
372 2757 466 2816 omnia
488 2762 517 2814 et
535 2758 779 2834 circumspiciens.
804 2757 904 2835 ltaque
917 2755 1037 2816 llerium
1053 2772 1119 2832 pro·
1129 2774 1145 2824 6
1189 2800 1193 2807 .

152 2834 304 2912 persedit,
319 2839 707 2908 acteedocet,hortatur,ab
722 2857 756 2899 ee
772 2845 929 2916 perteque
944 2839 1005 2916 ipse
1021 2855 1066 2897 esi·
1070 2856 1119 2898 en·

153 2917 244 2985 derat,
262 2918 408 2980 castellum
421 2927 560 2998 temptet·
575 2921 726 2999 pollicetur
741 2937 804 2982 sese
818 2922 928 2982 itineris
943 2920 1120 2999 periculique

153 3001 266 3062 ducem.
316 3002 423 3063 Marius
443 3021 510 3064 cnm
533 3005 639 3082 Ligure
667 3007 808 3082 promisse
834 3006 911 3066 eius
917 3008 1062 3082 cognitum
1084 3019 1143 3082 ex]

151 3084 353 3162 praesentibus
380 3087 470 3147 misit:
500 3105 623 3165 quorum
648 3089 690 3150 uti
718 3089 857 3186 cuiusque
879 3089 1024 3165 ingenium
1047 3093 1117 3155 eret,

118 3170 189 3230 teila
211 3187 274 3230 rem
296 3169 441 3229 difficilem
461 3176 518 3228 eut
526 3171 638 3232 iacilem
654 3172 839 3232 nuntiauere:
861 3173 986 3232 corrsnlis
1008 3173 1119 3230 animus

137 3255 246 3313 nmen
263 3251 392 3343 peulum
418 3252 561 3313 adrectos.
611 3256 711 3333 ltaque
737 3274 772 3316 er
798 3258 880 3332 copie
906 3256 1063 3316 tubicinum
1090 3261 1143 3326 ets

153 3323 332 3396 cornicinum
350 3353 472 3395 numero
490 3339 616 3416 quinque
633 3356 719 3417 quem
736 3337 939 3400 velocissumos
956 3336 1069 3414 delegit.
1089 3345 1118 3398 et

153 3433 220 3490 cum
242 3421 292 3488 eis,
314 3418 459 3499 praesidio
483 3423 532 3498 qui
553 3420 664 3492 loreut,
685 3424 787 3484 mittes
803 3439 915 3499 ponens
934 3431 963 3482 et
983 3429 1116 3500 quattuor

1256 3375 1258 3504 l

1255 3523 1258 3621 ι
