2536 3936
204 263 206 270 Α
230 184 237 194 ’
295 217 338 256 nn
360 215 533 258 ιιιιιιιιιιι
557 215 798 258 corrueremus
820 215 846 256 u.
864 205 939 262 ab.
960 209 1002 260 10.
1113 197 1132 260 5

159 365 246 427 strum
268 366 366 442 copias
387 363 513 442 populus
534 361 684 423 Romanus
702 373 791 440 parra
811 381 900 461 manu
915 355 1037 434 luderit,
1062 370 1134 444 quas

157 446 241 508 urbis
256 456 359 508 natura
377 449 503 509 munitas
525 446 682 523 pugnando
705 449 823 526 ceperit,
845 445 877 507 ni
897 467 931 508 ea
949 466 998 509 ιιι
1016 448 1167 526 longius

157 548 212 590 nos
234 531 270 592 ab
287 534 403 610 incepto
425 529 564 592 traheret

134 613 136 618 ’
224 615 294 676 Set
315 613 452 692 proiectu
468 614 615 674 lertuna'
607 631 637 674 m
659 615 738 674 omni
764 633 798 675 re
822 616 1001 676 dominatur.
1031 633 1065 676 ea
1084 615 1182 680 ιιι8

138 720 150 758 ι
163 709 283 774 cunctas
297 717 333 759 ex
349 697 479 758 lubidine
496 698 588 772 magis
603 715 689 782 quam
706 717 742 758 ex
756 717 825 759 rere
841 697 969 759 celebrat
984 699 1134 760 obscurat·

85 830 90 841 ,
159 799 225 858 que.
242 781 461 843 Atheniensium
474 799 522 840 res
537 787 649 856 gestae,
667 783 742 842 sicut
756 799 811 858 ege
826 789 971 851 aestume,
988 785 1057 844 satis
1072 799 1159 847 ιιι-2

157 863 223 941 plae
244 865 583 943 magnificaequeluere,
606 883 710 925 verum
727 865 873 944 aliquanto
891 868 1021 927 minores
1037 873 1134 928 tamen

159 965 246 1026 quam
266 948 343 1010 lama
364 948 509 1009 feruutur.
552 949 604 1008 Set
624 951 690 1026 quia
712 953 874 1026 prevenere
894 951 936 1010 ibi
957 952 1158 1028 scriptorum3

157 1049 264 1108 magna
277 1034 419 1109 ingenia,
448 1049 501 1109 per
522 1031 672 1094 terrarum
695 1032 798 1094 orbem
817 1033 1038 1095 Atheniensium
1057 1033 1133 1094 lacta

124 1132 212 1194 repro
234 1117 378 1178 maxumis
399 1114 594 1182 celebrantur„
637 1117 680 1176 lta
701 1135 820 1185 eorum,
841 1119 891 1195 qui
906 1118 1019 1186 iecere,
1041 1119 1157 1180 uirtust

91 1225 93 1236 r
157 1205 237 1260 tanta
251 1195 392 1268 habetur,
412 1206 553 1277 quantum
567 1217 632 1260 eam
646 1199 743 1260 verbis
757 1206 881 1277 potuere
896 1200 1036 1262 extollere
1048 1219 1135 1279 prae-

83 1337 86 1343 i
158 1282 237 1342 clara
253 1283 378 1358 ingenia.
410 1282 446 1344 bt
459 1283 568 1381 popule
585 1283 717 1344 Romane
732 1301 894 1364 numquam
915 1303 949 1346 ea
970 1287 1053 1362 copia
1068 1285 1131 1352 luit,
1145 1288 1161 1336 5

158 1369 226 1464 quie
240 1367 494 1445 prudentissumus
509 1369 630 1446 quisque
648 1385 785 1428 maxume
801 1371 970 1444 negotiosus
992 1370 1119 1436 erat‚in

158 1451 279 1546 genium
292 1467 380 1510 nemo
395 1452 458 1512 sinc
470 1469 601 1529 corpore
613 1451 782 1520 exercebat,
802 1458 938 1529 optumus
954 1451 1133 1532 quisquefa-

124 1551 149 1590 ιι
159 1550 227 1600 cere
243 1535 331 1613 quam
348 1535 455 1602 dicere,
472 1551 524 1594 sua
538 1534 575 1594 ab
592 1534 653 1594 aliis
664 1535 740 1601 bene
755 1535 829 1610 lacta
847 1534 960 1596 laudari
971 1553 1058 1615 quam
1071 1531 1134 1612 ips'e

158 1616 285 1678 alierum
299 1635 423 1677 narrare
439 1616 573 1676 malebat.

241 1700 337 1774 Igitur
349 1698 428 1758 dumi
448 1696 624 1796 militiaeque
645 1698 716 1758 beni
736 1716 835 1758 mores
857 1698 1042 1759 celebantur:
1066 1717 1136 1758 con·
1124 1699 1167 1758 -9

18 1861 21 1868 ,
98 1766 102 1774 x
159 1781 259 1842 cordia
275 1798 421 1849 maxuma,
440 1783 571 1844 minuma
586 1783 704 1844 avaritia
719 1789 797 1844 erat:
810 1784 858 1842 ius
867 1777 1042 1861 bonumque
1058 1782 1134 1861 apud

160 1883 211 1926 ees
225 1883 287 1926 nun
301 1865 416 1942 legibus
432 1867 524 1942 magis
540 1884 634 1945 quam
645 1873 750 1928 natura
763 1865 885 1928 valebat.
909 1866 1008 1942 Iurgia
1023 1867 1134 1927 discor·
1143 1872 1160 1919 2

125 1969 151 2008 ιι
160 1940 224 2010 dias
237 1949 397 2010 simultates
412 1967 481 2012 cum
494 1948 627 2012 hostibus
640 1949 831 2018 exercebant,
849 1951 925 2011 cives
941 1968 1008 2010 cum
1024 1941 1135 2012 civibus

157 2033 194 2094 de
215 2030 321 2094 virtute
336 2033 528 2098 certabant:
519 2051 549 2094 ιιι
568 2034 716 2113 subpliciis
734 2035 857 2094 deorum
879 2034 1034 2111 magnifici,
1056 2034 1135 2096 demi

156 2118 248 2213 parci,
266 2120 297 2176 in
318 2119 426 2178 amicos
440 2117 539 2179 fideles
556 2125 647 2180 erant.
671 2114 790 2178 Duabus
805 2117 851 2178 bis
868 2117 988 2186 artibus,
1011 2117 1158 2179 audaeia3

156 2201 188 2260 in
203 2199 291 2269 bello,
308 2199 359 2260 ubi
371 2219 435 2280 pax
443 2209 579 2262 evenerat
589 2204 741 2280 aequitate,
755 2218 845 2279 seque
855 2217 977 2277 remque
988 2198 1135 2276 publicam

159 2283 311 2344 curabant.
331 2284 463 2356 Quarum
472 2301 575 2344 rerum
590 2301 645 2360 ego
659 2301 795 2344 maxuma
806 2284 980 2342 documenta
995 2280 1069 2342 baec
1082 2281 1134 2340 ha·
1122 2301 1160 2350 -4

123 2387 148 2428 ιι
158 2357 229 2434 bec,
240 2365 352 2443 quod
345 2383 375 2424 m
386 2365 463 2424 bebo
479 2367 780 2444 saepiusvindicatum
790 2365 855 2424 est
846 2381 877 2423 m
890 2381 954 2433 eos,
972 2366 1022 2444 qui
1033 2371 1135 2424 contra

158 2449 305 2526 inperium
325 2450 355 2508 in
373 2447 487 2510 bostem
507 2456 724 2546 pugnaverant,
747 2449 854 2528 quique
874 2448 985 2508 tardius
1006 2449 1135 2508 revocati
1180 2486 1183 2499 ›

157 2531 271 2610 proelio
294 2539 493 2602 excesserant,
515 2551 603 2612 quam
625 2534 675 2613 qui
694 2534 778 2609 signa
799 2531 966 2611 relinquere
987 2538 1037 2594 aut
1056 2530 1133 2608 pulsi

158 2614 223 2676 lecu
242 2615 347 2676 cedere
362 2619 425 2678 ausi
440 2623 537 2686 erant,
560 2619 589 2678 in
605 2631 677 2695 pace
691 2634 776 2685 vere,
793 2617 871 2693 quud
885 2615 1025 2682 benificiis
1039 2617 1157 2691 magis5

134 2717 247 2782 quam
263 2702 366 2760 metu
358 2702 504 2796 inperium
521 2701 669 2776 agitabant
683 2707 712 2760 et
726 2701 869 2777 accepta
861 2701 968 2760 miuria
981 2701 1135 2774 ignoscere

124 2799 247 2860 acquam
268 2785 405 2861 persequi
425 2783 581 2844 malebant.
1177 2819 1238 2841 .,

243 2867 294 2928 Set
306 2866 357 2927 ubi
378 2866 480 2928 labere
502 2873 588 2945 atque
604 2869 691 2927 iustit
683 2887 710 2927 ra
726 2885 775 2928 res
791 2866 908 2945 publica
925 2865 1023 2932 crevit,
1047 2880 1133 2940 reges
1145 2871 1182 2932 10
1196 2906 1199 2911 J

158 2952 258 3024 magni
271 2949 348 3010 bello
360 2951 469 3020 domiti,
486 2952 618 3011 nationes
630 2951 711 3012 ferae
724 2958 753 3012 et
765 2949 866 3031 populi
875 2951 1008 3024 ingentes
1022 2967 1052 3008 vr
1042 2948 1132 3009 'sub-

160 3033 231 3101 acti,
255 3032 415 3129 Carthago,
441 3033 584 3094 aemula
576 3037 671 3114 ruperi
689 3035 826 3102 Romani,
848 3032 884 3092 ab
904 3025 993 3109 stirpe'
1014 3033 1131 3122 interiit,

159 3122 265 3177 cuncta
275 3117 366 3176 maria
381 3124 535 3195 terraeque
547 3117 697 3196 patebant·
714 3119 825 3179 saevire
835 3117 952 3183 fortuna
963 3134 997 3176 ac
1008 3111 1134 3176 miseere

124 3221 149 3261 ιι
159 3201 257 3262 emnia
272 3201 376 3276 coepit.
411 3201 467 3271 Qui
484 3201 602 3262 labores
615 3201 760 3283 pericula,
784 3191 886 3262 dubias
908 3206 994 3276 atque
1013 3213 1158 3292 asperas2

27 3293 30 3296 ’
159 3285 232 3344 ress
218 3282 302 3344 facile
317 3281 519 3354 toleraverant,
533 3304 574 3347 ers
584 3289 676 3347 utrum
686 3285 808 3353 divitiae,
821 3283 947 3362 optanda
958 3282 1039 3349 ιιιιι,
1051 3297 1133 3340 oneri

57 3399 64 3414 =
159 3369 351 3445 miseriaeque
372 3366 465 3430 luere
504 3370 595 3447 Igitur
616 3372 712 3447 prime
734 3369 888 3465 pecuniae,
912 3364 1015 3426 deinde
1036 3363 1156 3441 inperi3

161 3451 267 3528 cupide
288 3452 396 3514 erevit:
420 3470 454 3513 ea
475 3455 557 3533 quasi
578 3454 715 3524 materies
731 3454 859 3514 omnium
874 3449 1021 3510 malorum
1037 3446 1131 3507 luere.
