2548 3930
170 197 227 258 tot
353 215 396 255 nn
417 213 520 256 nunno
541 195 741 258 rvnvnrn'rno
765 213 793 256 c.
817 203 876 260 106.
898 203 958 267 tot,

166 362 321 426 adveniens
339 368 531 442 quaestorem
545 362 670 442 adpellat
685 363 810 442 dicitque
831 379 863 423 se
884 379 900 422 a
921 367 1005 440 patre
1027 357 1148 423 Boccho

123 445 124 448 ’
167 447 281 508 obviam
307 447 362 506 illis
390 446 533 507 simulet
553 447 697 522 praesidio
718 449 848 507 missum.
895 445 1006 506 Deinde
1027 461 1096 506 eum
1117 453 1149 506 et

140 543 342 606 nproxumum
358 531 435 590 diem
451 531 608 602 sine-metu
623 532 770 590 coniuncti
791 536 870 590 eunt.
894 528 965 588 Post
981 527 1033 590 ubi
1051 535 1148 590 eastra

166 612 258 673 locata
275 619 303 672 et
322 612 379 674 diei
396 631 497 689 vesper
515 619 586 681 erat,
602 619 723 690 repente
738 611 857 674 Maurus
871 614 984 672 incerto
997 610 1076 671 voltu
1094 629 1148 690 pa·

166 713 236 756 vens
251 697 288 756 ad
307 696 414 756 Sullam
434 696 563 755 adcurrit
577 697 704 775 dicitque
719 695 774 758 sibi
796 713 831 756 ex
846 693 1078 773 speculatoribus
1095 713 1170 756 co-s

167 781 293 856 gnitum,
324 779 494 856 Iugurtham
521 777 593 839 bant
614 778 717 856 procul
738 779 856 840 abesse:
886 777 972 838 simul
993 778 1035 838 uti
1055 785 1147 840 noctu

139 862 241 923 solam
263 879 363 926 secum
383 860 563 941 profugeret,
586 867 670 939 rogat
688 869 775 940 atque
794 862 949 922 hortatum·
982 859 1033 922 llle
1048 863 1148 922 animo
1257 921 1258 936 q

144 1009 147 1016 Δ
167 946 258 1006 feroci
275 949 362 1021 negat
378 961 409 1004 se
429 945 535 1004 totiens
553 945 650 1005 tusum
667 945 823 1008 Numidam
843 946 1065 1022 pertimescere:
1088 946 1148 1004 vir·
1257 977 1258 986 ι

164 1030 220 1088 tuti
241 1045 362 1088 suorum
389 1029 457 1090 satis
479 1029 616 1098 credere:
644 1031 730 1091 etiam
756 1029 781 1088 si
805 1035 885 1088 certa
910 1029 1000 1108 pestis
1021 1028 1146 1097 adesset,
1257 1033 1258 1048 ¹

120 1169 123 1176 ι
165 1128 336 1172 mansurum
352 1113 549 1192 potiusquam
566 1111 697 1189 proditis,
720 1129 793 1190 quos
813 1109 952 1178 ducebat,
976 1113 1054 1188 turpi
1075 1110 1181 1188 lugam

165 1196 294 1256 incertae
309 1213 344 1254 ac
358 1195 480 1254 forsitan
493 1200 560 1276 post
573 1194 659 1271 paulo
680 1195 785 1255 morbo
804 1196 974 1256 interiturae
987 1195 1063 1254 ritae
1075 1211 1145 1272 par·

22 1289 26 1296 '
138 1284 254 1345 iceret.
288 1277 425 1338 Ceterum
439 1277 476 1338 ab
495 1278 597 1338 eodem
614 1279 742 1338 monitus
758 1279 800 1337 uti
820 1284 908 1338 noctu
923 1278 1145 1354 proficisceren·
1209 1339 1219 1359 ‚

164 1369 228 1430 tur,
258 1361 410 1424 consilium
428 1355 589 1438 adprobat,
618 1379 653 1420 ac
677 1362 773 1420 statim
797 1359 901 1422 milites
922 1366 1059 1422 coenatos
1080 1377 1145 1422 esse

165 1446 195 1504 in
213 1445 315 1503 castris
335 1443 469 1520 ignisque
483 1461 570 1521 quam
587 1443 793 1504 creberrumos
809 1445 882 1512 fieri,
904 1445 972 1504 dein
988 1445 1082 1523 prima
1103 1441 1145 1504 vi·

139 1526 230 1603 sgitta
252 1525 366 1586 silentio
389 1527 488 1604 egredi
508 1527 596 1591 iubet.
633 1527 751 1605 lamque
770 1533 916 1588 nocturno
937 1528 1040 1588 itinere
1061 1527 1183 1592 iessisu

169 1609 303 1670 omnibus
318 1609 396 1670 Sulla
409 1612 520 1693 pariter
533 1629 601 1670 cum
616 1617 682 1670 ortu
697 1610 766 1670 solis
781 1617 874 1672 castra
889 1609 1062 1679 metabatur,
1078 1629 1146 1672 cum

168 1695 280 1772 equites
296 1693 390 1754 Mauri
400 1695 534 1754 nuntiant
549 1689 721 1769 Iugurtham
733 1696 849 1754 circiter
866 1693 956 1754 duum
973 1691 1108 1756 milium
1100 1712 1146 1754 m·

138 1777 286 1839 otervailo
301 1783 368 1838 aute
382 1793 434 1838 eos
451 1775 626 1836 consedisse.
669 1775 752 1846 Quod
768 1784 922 1855 postquam
941 1775 1071 1838 auditum
1090 1784 1144 1846 est,

164 1868 227 1920 tum
243 1878 313 1920 vero
335 1862 439 1936 ingens
454 1864 550 1920 metus
561 1866 678 1918 nostros
693 1861 815 1920 invadit:
833 1860 954 1921 eredere
968 1877 999 1920 so
1012 1861 1147 1938 proditos

165 1961 182 2002 a
203 1939 311 2002 Voluce
333 1948 362 2002 et
382 1942 492 2002 insidiis
514 1943 741 2011 circumventos,
765 1960 799 2004 ac
820 1944 917 2012 suere,
943 1945 992 2021 qni
1013 1943 1183 2006 dicerentao

165 2041 254 2086 manu
268 2024 471 2086 vindicandum
487 2041 583 2102 neque
596 2025 674 2100 apud
688 2024 769 2085 illum
784 2032 895 2086 tantum
911 2025 1007 2087 scelus
1020 2025 1146 2086 inultum

117 2107 416 2187 loirebnquendum.
449 2108 485 2167 Αι
506 2106 599 2177 Sulla,
622 2125 797 2188 quamquam
820 2108 920 2170 eadem
942 2109 1144 2178 existumabat,

165 2203 263 2255 tamen
285 2191 321 2253 ab
340 2192 444 2251 iniuria
462 2189 596 2250 Maurum
613 2191 764 2268 prohibet:
787 2209 855 2252 suos
875 2189 1010 2253 hortatur
1024 2194 1066 2254 uti
1082 2193 1146 2254 lor·

165 2285 226 2338 tem
248 2271 376 2338 animum
397 2279 549 2350 gererent:
575 2291 662 2352 saepe
682 2281 749 2334 aute
770 2276 871 2352 paucis
889 2273 1017 2336 strenuis
1039 2275 1144 2338 advor-

165 2375 231 2422 sum
246 2356 460 2418 multitudinem
479 2355 555 2418 bene
572 2363 749 2435 pugnatum:
773 2363 881 2436 quanto
903 2357 958 2420 sibi
978 2359 1008 2419 in
1031 2357 1182 2436 proelious

165 2443 262 2506 minus
277 2441 488 2537 pepercissent,
504 2445 585 2502 tanto
603 2442 725 2502 tutiores
743 2441 820 2502 lore.
835 2458 890 2501 nec
902 2459 1078 2520 quemquam
1092 2441 1146 2504 ‹lu-

166 2541 250 2593 cere,
277 2525 327 2620 qui
348 2539 452 2582 manus
473 2524 641 2592 armaverit,
665 2523 729 2600 ab
721 2525 841 2586 inermis
861 2523 986 2602 pedibus
1004 2525 1146 2588 auxilium

164 2613 280 2687 petere,
304 2607 333 2664 in
350 2621 487 2668 maxumo
502 2595 709 2669 metuendum
727 2613 756 2668 et
772 2625 892 2668 caecum
912 2625 1020 2684 eorpus
1033 2607 1070 2670 ad
1089 2608 1146 2668 bo-

140 2693 218 2754 tstis
235 2694 361 2749 vortere.
410 2687 520 2748 Deinde
540 2687 697 2758 Volucem,
726 2691 863 2766 quoniam
884 2689 996 2751 hostilia
1023 2690 1146 2761 iaceret,

164 2776 262 2835 lovem
282 2785 451 2833 maxumum
467 2771 626 2832 obtestatus
638 2778 671 2832 ut
682 2771 800 2833 sceleris
817 2781 904 2852 atquo
918 2773 1056 2850 perfidiae
1067 2773 1183 2834 Bne-ao

139 2859 212 2926 achi
231 2858 313 2918 testis
336 2856 465 2923 adesset,
484 2873 521 2916 ex
543 2856 645 2915 castris
665 2855 746 2916 abire
772 2855 861 2918 iubet
905 2855 957 2918 lllo
976 2854 1147 2918 lacrumans

165 2937 303 3000 orare'ne
319 2957 353 3000 ea
369 2938 517 2999 crederet:
530 2937 602 3000 nibil
617 2938 684 2999 dolo
699 2937 817 3008 iactum,
833 2958 867 3000 ae
883 2941 975 3018 magis
989 2939 1147 3004 calliditate

164 3022 333 3100 Iugurthae,
352 3023 400 3082 cui
413 3020 546 3084 videlicet
555 3021 716 3100 speculanti
726 3023 782 3083 iter
792 3039 878 3084 suom
890 3023 1036 3100 cognitum
1048 3029 1145 3084 esset:

138 3112 296 3170 teeterum
317 3107 455 3182 quoniam
474 3122 572 3185 neque
581 3107 729 3183 ingentem
742 3105 956 3167 multitudinem
971 3105 1095 3168 baberet
1113 3114 1146 3168 et
1226 3114 1230 3122 '

165 3206 233 3268 spes
259 3203 388 3266 opesque
406 3190 467 3250 eius
490 3207 525 3250 ex
546 3195 630 3267 patre
651 3205 705 3250 suo
720 3189 891 3266 penderent,
916 3189 1039 3252 credere
1059 3189 1180 3252 illumas

140 3271 238 3336 onibil
257 3271 353 3351 palam
368 3289 518 3342 ausurum,
534 3273 677 3350 cumipse
692 3271 769 3334 iilius
785 3273 865 3334 testis
887 3273 1014 3334 adesset:
1036 3291 1093 3352 qne
1107 3289 1146 3336 re

165 3361 317 3432 optumum
339 3354 416 3414 iactu
433 3354 538 3423 videri,
560 3372 615 3434 per
632 3355 728 3416 media
748 3357 811 3416 eius
825 3361 920 3416 castra
935 3355 1032 3433 palam
1047 3363 1144 3420 mans·
1257 3355 1258 3408 ἓ

164 3437 221 3498 irc:
251 3451 315 3500 sese
342 3434 388 3497 vel
412 3437 645 3518 praemississet
660 3437 768 3502 ibidem
788 3435 897 3500 relictis
917 3437 1025 3518 inuris
1046 3437 1144 3520 solum
