<?xml version="1.0" encoding="UTF-8"?>
<!DOCTYPE html PUBLIC "-//W3C//DTD XHTML 1.0 Transitional//EN"
    "http://www.w3.org/TR/xhtml1/DTD/xhtml1-transitional.dtd">
<html xmlns="http://www.w3.org/1999/xhtml" xml:lang="en" lang="en">
 <head>
  <title>
</title>
<meta http-equiv="Content-Type" content="text/html;charset=utf-8" />
  <meta name='ocr-system' content='tesseract 3.04.00' />
  <meta name='ocr-capabilities' content='ocr_page ocr_carea ocr_par ocr_line ocrx_word'/>
</head>
<body>
  <div class='ocr_page' id='page_1' title='image "./decatalinaeconi00dietgoog_0091.png"; bbox 0 0 2548 3930; ppageno 0'>
   <div class='ocr_carea' id='block_1_1' title="bbox 321 223 1087 289">
    <p class='ocr_par' dir='ltr' id='par_1_1' title="bbox 321 223 1087 289">
     <span class='ocr_line' id='line_1_1' title="bbox 321 223 1087 289; baseline 0.013 -13"><span class='ocrx_word' id='word_1_1' title='bbox 321 237 365 278; x_wconf 82' lang='grc' dir='ltr'>ιιιι</span> <span class='ocrx_word' id='word_1_2' title='bbox 386 236 488 278; x_wconf 78' lang='lat' dir='ltr'><strong>nunno</strong></span> <span class='ocrx_word' id='word_1_3' title='bbox 512 235 712 280; x_wconf 81' lang='lat' dir='ltr'><strong>truvarmuo</strong></span> <span class='ocrx_word' id='word_1_4' title='bbox 733 238 761 280; x_wconf 86' lang='lat' dir='ltr'><strong>c.</strong></span> <span class='ocrx_word' id='word_1_5' title='bbox 781 229 825 285; x_wconf 79' lang='lat'><strong>75.</strong></span> <span class='ocrx_word' id='word_1_6' title='bbox 840 230 882 289; x_wconf 81' lang='lat' dir='ltr'><strong>to.</strong></span> <span class='ocrx_word' id='word_1_7' title='bbox 1048 223 1087 286; x_wconf 82' lang='lat'><strong>8³</strong></span> 
     </span>
    </p>
   </div>
   <div class='ocr_carea' id='block_1_2' title="bbox 11 365 1201 3542">
    <p class='ocr_par' dir='ltr' id='par_1_2' title="bbox 122 365 1112 479">
     <span class='ocr_line' id='line_1_2' title="bbox 122 365 1112 479; baseline 0.01 -36"><span class='ocrx_word' id='word_1_8' title='bbox 122 389 271 479; x_wconf 81' lang='lat' dir='ltr'><strong>praeterea</strong></span> <span class='ocrx_word' id='word_1_9' title='bbox 287 365 432 460; x_wconf 77' lang='lat' dir='ltr'>conquirit</span> <span class='ocrx_word' id='word_1_10' title='bbox 448 401 482 442; x_wconf 84' lang='lat' dir='ltr'><strong>ex</strong></span> <span class='ocrx_word' id='word_1_11' title='bbox 499 375 578 459; x_wconf 83' lang='lat' dir='ltr'><strong>agris</strong></span> <span class='ocrx_word' id='word_1_12' title='bbox 592 402 678 461; x_wconf 88' lang='lat' dir='ltr'><strong>quam</strong></span> <span class='ocrx_word' id='word_1_13' title='bbox 694 387 863 464; x_wconf 81' lang='lat' dir='ltr'><strong>plurumum</strong></span> <span class='ocrx_word' id='word_1_14' title='bbox 878 395 972 466; x_wconf 84' lang='lat' dir='ltr'><strong>potest</strong></span> <span class='ocrx_word' id='word_1_15' title='bbox 988 389 1112 456; x_wconf 80' lang='lat' dir='ltr'><strong>domitia</strong></span> 
     </span>
    </p>

    <p class='ocr_par' dir='ltr' id='par_1_3' title="bbox 121 467 1084 553">
     <span class='ocr_line' id='line_1_3' title="bbox 121 467 1084 553; baseline 0.006 -26"><span class='ocrx_word' id='word_1_16' title='bbox 121 467 250 544; x_wconf 83' lang='lat' dir='ltr'><strong>penoris:</strong></span> <span class='ocrx_word' id='word_1_17' title='bbox 267 485 302 526; x_wconf 92' lang='lat' dir='ltr'><strong>eo</strong></span> <span class='ocrx_word' id='word_1_18' title='bbox 317 467 428 542; x_wconf 91' lang='lat' dir='ltr'><strong>inponit</strong></span> <span class='ocrx_word' id='word_1_19' title='bbox 442 483 506 526; x_wconf 84' lang='lat' dir='ltr'><strong>vasa</strong></span> <span class='ocrx_word' id='word_1_20' title='bbox 519 468 657 544; x_wconf 88' lang='lat' dir='ltr'><strong>ruiusque</strong></span> <span class='ocrx_word' id='word_1_21' title='bbox 672 471 758 540; x_wconf 88' lang='lat' dir='ltr'><strong>modi,</strong></span> <span class='ocrx_word' id='word_1_22' title='bbox 774 478 817 530; x_wconf 88' lang='lat' dir='ltr'><strong>set</strong></span> <span class='ocrx_word' id='word_1_23' title='bbox 832 470 968 549; x_wconf 80' lang='lat' dir='ltr'><strong>pleraque</strong></span> <span class='ocrx_word' id='word_1_24' title='bbox 983 471 1084 553; x_wconf 78' lang='lat' dir='ltr'><strong>lignea,</strong></span> 
     </span>
    </p>

    <p class='ocr_par' dir='ltr' id='par_1_4' title="bbox 18 549 1199 961">
     <span class='ocr_line' id='line_1_4' title="bbox 18 549 1112 689; baseline 0.005 -80"><span class='ocrx_word' id='word_1_25' title='bbox 18 571 26 578; x_wconf 91' lang='lat'><strong>·</strong></span> <span class='ocrx_word' id='word_1_26' title='bbox 121 550 249 626; x_wconf 81' lang='lat' dir='ltr'><strong>conlecta</strong></span> <span class='ocrx_word' id='word_1_27' title='bbox 272 567 307 610; x_wconf 87' lang='lat' dir='ltr'><strong>ex</strong></span> <span class='ocrx_word' id='word_1_28' title='bbox 324 550 445 689; x_wconf 78' lang='lat' dir='ltr'><strong>tuguriis</strong></span> <span class='ocrx_word' id='word_1_29' title='bbox 463 549 668 610; x_wconf 79' lang='lat' dir='ltr'><strong>Numidarum.</strong></span> <span class='ocrx_word' id='word_1_30' title='bbox 691 553 726 614; x_wconf 90' lang='lat' dir='ltr'><strong>ad</strong></span> <span class='ocrx_word' id='word_1_31' title='bbox 744 554 800 614; x_wconf 88' lang='lat' dir='ltr'><strong>hoe</strong></span> <span class='ocrx_word' id='word_1_32' title='bbox 814 555 949 614; x_wconf 83' lang='lat' dir='ltr'><strong>finitumis</strong></span> <span class='ocrx_word' id='word_1_33' title='bbox 961 557 1112 632; x_wconf 85' lang='lat' dir='ltr'><strong>inperat‚5</strong></span> 
     </span>
     <span class='ocr_line' id='line_1_5' title="bbox 120 624 1087 732; baseline 0.004 -38"><span class='ocrx_word' id='word_1_34' title='bbox 120 637 169 732; x_wconf 82' lang='lat' dir='ltr'><strong>qui</strong></span> <span class='ocrx_word' id='word_1_35' title='bbox 185 651 216 694; x_wconf 90' lang='lat' dir='ltr'><strong>se</strong></span> <span class='ocrx_word' id='word_1_36' title='bbox 232 640 296 709; x_wconf 90' lang='lat' dir='ltr'><strong>post</strong></span> <span class='ocrx_word' id='word_1_37' title='bbox 311 633 387 708; x_wconf 90' lang='lat' dir='ltr'><strong>regis</strong></span> <span class='ocrx_word' id='word_1_38' title='bbox 403 632 498 707; x_wconf 82' lang='lat' dir='ltr'><strong>lugam</strong></span> <span class='ocrx_word' id='word_1_39' title='bbox 516 633 629 694; x_wconf 90' lang='lat' dir='ltr'><strong>Metello</strong></span> <span class='ocrx_word' id='word_1_40' title='bbox 643 624 820 706; x_wconf 52' lang='lat' dir='ltr'><strong>dederantst</strong></span> <span class='ocrx_word' id='word_1_41' title='bbox 813 656 899 716; x_wconf 89' lang='lat' dir='ltr'><strong>quam</strong></span> <span class='ocrx_word' id='word_1_42' title='bbox 921 637 1087 715; x_wconf 87' lang='lat' dir='ltr'><strong>plurumum</strong></span> 
     </span>
     <span class='ocr_line' id='line_1_6' title="bbox 98 716 1085 812; baseline 0.009 -40"><span class='ocrx_word' id='word_1_43' title='bbox 98 719 242 794; x_wconf 82' lang='lat' dir='ltr'><strong>aquisque</strong></span> <span class='ocrx_word' id='word_1_44' title='bbox 263 731 356 792; x_wconf 89' lang='lat' dir='ltr'><strong>aquae</strong></span> <span class='ocrx_word' id='word_1_45' title='bbox 372 722 516 812; x_wconf 78' lang='lat' dir='ltr'><strong>portaret,</strong></span> <span class='ocrx_word' id='word_1_46' title='bbox 539 717 614 777; x_wconf 89' lang='lat' dir='ltr'><strong>diem</strong></span> <span class='ocrx_word' id='word_1_47' title='bbox 630 716 798 798; x_wconf 81' lang='lat' dir='ltr'><strong>locumque,</strong></span> <span class='ocrx_word' id='word_1_48' title='bbox 817 720 867 780; x_wconf 88' lang='lat' dir='ltr'><strong>ubi</strong></span> <span class='ocrx_word' id='word_1_49' title='bbox 889 729 1003 797; x_wconf 90' lang='lat' dir='ltr'><strong>praesto</strong></span> <span class='ocrx_word' id='word_1_50' title='bbox 1025 723 1085 781; x_wconf 91' lang='lat' dir='ltr'><strong>lue-</strong></span> 
     </span>
     <span class='ocr_line' id='line_1_7' title="bbox 119 791 1199 882; baseline 0.005 -22"><span class='ocrx_word' id='word_1_51' title='bbox 119 802 192 874; x_wconf 80' lang='lat' dir='ltr'><strong>rint,</strong></span> <span class='ocrx_word' id='word_1_52' title='bbox 215 800 369 876; x_wconf 87' lang='lat' dir='ltr'><strong>praedicit:</strong></span> <span class='ocrx_word' id='word_1_53' title='bbox 394 800 454 876; x_wconf 82' lang='lat' dir='ltr'><strong>ipse</strong></span> <span class='ocrx_word' id='word_1_54' title='bbox 477 791 515 860; x_wconf 81' lang='lat' dir='ltr'><strong>ex‘</strong></span> <span class='ocrx_word' id='word_1_55' title='bbox 535 799 672 870; x_wconf 89' lang='lat' dir='ltr'><strong>llnmine,</strong></span> <span class='ocrx_word' id='word_1_56' title='bbox 670 817 957 881; x_wconf 85' lang='lat' dir='ltr'><strong>quamproxumam</strong></span> <span class='ocrx_word' id='word_1_57' title='bbox 979 805 1111 882; x_wconf 80' lang='lat' dir='ltr'><strong>oppidoa</strong></span> <span class='ocrx_word' id='word_1_58' title='bbox 1194 791 1199 808; x_wconf 83' lang='lat'>&#39;</span> 
     </span>
     <span class='ocr_line' id='line_1_8' title="bbox 120 883 1085 961; baseline 0.002 -17"><span class='ocrx_word' id='word_1_59' title='bbox 120 901 224 961; x_wconf 89' lang='lat' dir='ltr'><strong>aquam</strong></span> <span class='ocrx_word' id='word_1_60' title='bbox 247 886 310 943; x_wconf 82' lang='lat' dir='ltr'><strong>esse</strong></span> <span class='ocrx_word' id='word_1_61' title='bbox 332 900 419 958; x_wconf 84' lang='lat' dir='ltr'><strong>supra</strong></span> <span class='ocrx_word' id='word_1_62' title='bbox 441 883 573 952; x_wconf 81' lang='lat' dir='ltr'><strong>diximus,</strong></span> <span class='ocrx_word' id='word_1_63' title='bbox 594 885 720 946; x_wconf 88' lang='lat' dir='ltr'><strong>iumenta</strong></span> <span class='ocrx_word' id='word_1_64' title='bbox 741 894 858 948; x_wconf 90' lang='lat' dir='ltr'><strong>onerat.</strong></span> <span class='ocrx_word' id='word_1_65' title='bbox 880 906 916 947; x_wconf 87' lang='lat' dir='ltr'><strong>eo</strong></span> <span class='ocrx_word' id='word_1_66' title='bbox 938 887 1050 946; x_wconf 91' lang='lat' dir='ltr'><strong>modo</strong></span> <span class='ocrx_word' id='word_1_67' title='bbox 1044 905 1085 946; x_wconf 90' lang='lat' dir='ltr'><strong>m-</strong></span> 
     </span>
    </p>

    <p class='ocr_par' dir='ltr' id='par_1_5' title="bbox 58 964 1201 1542">
     <span class='ocr_line' id='line_1_9' title="bbox 58 964 1179 1042; baseline 0.008 -17"><span class='ocrx_word' id='word_1_68' title='bbox 58 1037 63 1040; x_wconf 41' lang='grc'><strong>,</strong></span> <span class='ocrx_word' id='word_1_69' title='bbox 120 974 247 1032; x_wconf 81' lang='lat' dir='ltr'><strong>structus</strong></span> <span class='ocrx_word' id='word_1_70' title='bbox 269 965 304 1025; x_wconf 93' lang='lat' dir='ltr'><strong>ad</strong></span> <span class='ocrx_word' id='word_1_71' title='bbox 329 964 448 1026; x_wconf 79' lang='lat' dir='ltr'><strong>Thalam</strong></span> <span class='ocrx_word' id='word_1_72' title='bbox 471 967 673 1042; x_wconf 80' lang='lat' dir='ltr'><strong>proficiscitur.</strong></span> <span class='ocrx_word' id='word_1_73' title='bbox 722 969 830 1030; x_wconf 78' lang='lat' dir='ltr'>Deinde</span> <span class='ocrx_word' id='word_1_74' title='bbox 851 971 902 1030; x_wconf 92' lang='grc' dir='ltr'>ιιΙιι</span> <span class='ocrx_word' id='word_1_75' title='bbox 923 970 957 1030; x_wconf 91' lang='grc' dir='ltr'><strong>ιιι</strong></span> <span class='ocrx_word' id='word_1_76' title='bbox 981 971 1008 1032; x_wconf 93' lang='lat' dir='ltr'><strong>id</strong></span> <span class='ocrx_word' id='word_1_77' title='bbox 1030 970 1109 1032; x_wconf 79' lang='lat' dir='ltr'><strong>loeia</strong></span> <span class='ocrx_word' id='word_1_78' title='bbox 1173 1027 1179 1034; x_wconf 83' lang='grc'><strong><em>,</em></strong></span> 
     </span>
     <span class='ocr_line' id='line_1_10' title="bbox 118 1049 1143 1130; baseline 0.004 -20"><span class='ocrx_word' id='word_1_79' title='bbox 118 1057 245 1118; x_wconf 84' lang='lat' dir='ltr'><strong>ventum,</strong></span> <span class='ocrx_word' id='word_1_80' title='bbox 268 1068 324 1126; x_wconf 91' lang='lat' dir='ltr'><strong>quo</strong></span> <span class='ocrx_word' id='word_1_81' title='bbox 340 1049 470 1109; x_wconf 83' lang='lat' dir='ltr'><strong>Numidis</strong></span> <span class='ocrx_word' id='word_1_82' title='bbox 486 1059 682 1126; x_wconf 86' lang='lat' dir='ltr'><strong>praeceperat,</strong></span> <span class='ocrx_word' id='word_1_83' title='bbox 702 1059 730 1112; x_wconf 88' lang='lat' dir='ltr'><strong>et</strong></span> <span class='ocrx_word' id='word_1_84' title='bbox 751 1059 843 1113; x_wconf 84' lang='lat' dir='ltr'><strong>eastra</strong></span> <span class='ocrx_word' id='word_1_85' title='bbox 860 1055 949 1130; x_wconf 84' lang='lat' dir='ltr'><strong>posita</strong></span> <span class='ocrx_word' id='word_1_86' title='bbox 964 1055 1086 1114; x_wconf 86' lang='lat' dir='ltr'><strong>munita·</strong></span> <span class='ocrx_word' id='word_1_87' title='bbox 1140 1079 1143 1084; x_wconf 93' lang='lat'>·</span> 
     </span>
     <span class='ocr_line' id='line_1_11' title="bbox 83 1131 1168 1212; baseline 0.003 -21"><span class='ocrx_word' id='word_1_88' title='bbox 83 1151 176 1212; x_wconf 78' lang='lat' dir='ltr'><strong>aeque</strong></span> <span class='ocrx_word' id='word_1_89' title='bbox 191 1131 273 1200; x_wconf 89' lang='lat' dir='ltr'><strong>sunt,</strong></span> <span class='ocrx_word' id='word_1_90' title='bbox 293 1139 370 1192; x_wconf 89' lang='grc' dir='ltr'>ιιιιιι</span> <span class='ocrx_word' id='word_1_91' title='bbox 392 1133 514 1209; x_wconf 82' lang='lat' dir='ltr'><strong>repente</strong></span> <span class='ocrx_word' id='word_1_92' title='bbox 534 1134 614 1194; x_wconf 83' lang='lat' dir='ltr'><strong>eaelo</strong></span> <span class='ocrx_word' id='word_1_93' title='bbox 631 1137 716 1194; x_wconf 89' lang='lat' dir='ltr'><strong>missa</strong></span> <span class='ocrx_word' id='word_1_94' title='bbox 739 1138 779 1194; x_wconf 87' lang='lat' dir='ltr'><strong>ris</strong></span> <span class='ocrx_word' id='word_1_95' title='bbox 801 1155 892 1212; x_wconf 89' lang='lat' dir='ltr'><strong>aquae</strong></span> <span class='ocrx_word' id='word_1_96' title='bbox 914 1137 1031 1204; x_wconf 85' lang='lat' dir='ltr'><strong>dicitur,</strong></span> <span class='ocrx_word' id='word_1_97' title='bbox 1054 1143 1086 1196; x_wconf 92' lang='lat' dir='ltr'><strong>ut</strong></span> <span class='ocrx_word' id='word_1_98' title='bbox 1162 1166 1168 1172; x_wconf 84' lang='lat'><em>-</em></span> 
     </span>
     <span class='ocr_line' id='line_1_12' title="bbox 118 1215 1201 1294; baseline 0.006 -16"><span class='ocrx_word' id='word_1_99' title='bbox 118 1236 151 1278; x_wconf 89' lang='lat' dir='ltr'><strong>ea</strong></span> <span class='ocrx_word' id='word_1_100' title='bbox 168 1217 254 1276; x_wconf 90' lang='lat' dir='ltr'><strong>modo</strong></span> <span class='ocrx_word' id='word_1_101' title='bbox 271 1215 410 1276; x_wconf 77' lang='lat' dir='ltr'><strong>exercitui</strong></span> <span class='ocrx_word' id='word_1_102' title='bbox 426 1217 495 1278; x_wconf 88' lang='lat' dir='ltr'><strong>satis</strong></span> <span class='ocrx_word' id='word_1_103' title='bbox 509 1234 654 1294; x_wconf 83' lang='lat' dir='ltr'><strong>superque</strong></span> <span class='ocrx_word' id='word_1_104' title='bbox 669 1219 753 1278; x_wconf 84' lang='lat' dir='ltr'><strong>sorel.</strong></span> <span class='ocrx_word' id='word_1_105' title='bbox 783 1219 937 1280; x_wconf 88' lang='lat' dir='ltr'><strong>Praeterea</strong></span> <span class='ocrx_word' id='word_1_106' title='bbox 952 1237 1085 1279; x_wconf 85' lang='lat' dir='ltr'><strong>conmea·</strong></span> <span class='ocrx_word' id='word_1_107' title='bbox 1074 1235 1111 1284; x_wconf 85' lang='lat'><strong>-8</strong></span> <span class='ocrx_word' id='word_1_108' title='bbox 1196 1215 1201 1230; x_wconf 56' lang='lat'><em>¹</em></span> 
     </span>
     <span class='ocr_line' id='line_1_13' title="bbox 118 1299 1124 1380; baseline 0.003 -21"><span class='ocrx_word' id='word_1_109' title='bbox 118 1307 164 1360; x_wconf 86' lang='lat' dir='ltr'><strong>lus</strong></span> <span class='ocrx_word' id='word_1_110' title='bbox 181 1317 236 1376; x_wconf 88' lang='lat' dir='ltr'><strong>spe</strong></span> <span class='ocrx_word' id='word_1_111' title='bbox 257 1299 389 1376; x_wconf 88' lang='lat' dir='ltr'><strong>amplior,</strong></span> <span class='ocrx_word' id='word_1_112' title='bbox 412 1301 478 1378; x_wconf 92' lang='lat' dir='ltr'><strong>quia</strong></span> <span class='ocrx_word' id='word_1_113' title='bbox 500 1299 649 1369; x_wconf 85' lang='lat' dir='ltr'><strong>Numidae,</strong></span> <span class='ocrx_word' id='word_1_114' title='bbox 670 1303 755 1362; x_wconf 85' lang='lat' dir='ltr'><strong>sieuti</strong></span> <span class='ocrx_word' id='word_1_115' title='bbox 770 1302 917 1380; x_wconf 78' lang='lat' dir='ltr'><strong>plerique</strong></span> <span class='ocrx_word' id='word_1_116' title='bbox 910 1319 939 1361; x_wconf 91' lang='lat' dir='ltr'><strong>m</strong></span> <span class='ocrx_word' id='word_1_117' title='bbox 953 1305 1023 1360; x_wconf 90' lang='lat' dir='ltr'><strong>nova</strong></span> <span class='ocrx_word' id='word_1_118' title='bbox 1035 1302 1124 1362; x_wconf 93' lang='lat' dir='ltr'><strong>de</strong></span> 
     </span>
     <span class='ocr_line' id='line_1_14' title="bbox 118 1379 1111 1470; baseline 0.002 -27"><span class='ocrx_word' id='word_1_119' title='bbox 118 1384 235 1450; x_wconf 76' lang='lat' dir='ltr'><strong>ditione,</strong></span> <span class='ocrx_word' id='word_1_120' title='bbox 250 1384 342 1442; x_wconf 86' lang='lat' dir='ltr'><strong>ollicia</strong></span> <span class='ocrx_word' id='word_1_121' title='bbox 354 1383 545 1470; x_wconf 87' lang='lat' dir='ltr'><strong>intenderapt</strong></span> <span class='ocrx_word' id='word_1_122' title='bbox 569 1383 703 1445; x_wconf 85' lang='lat' dir='ltr'><strong>Ceterum</strong></span> <span class='ocrx_word' id='word_1_123' title='bbox 719 1385 823 1446; x_wconf 89' lang='lat' dir='ltr'><strong>milites</strong></span> <span class='ocrx_word' id='word_1_124' title='bbox 837 1385 975 1460; x_wconf 82' lang='lat' dir='ltr'><strong>religione</strong></span> <span class='ocrx_word' id='word_1_125' title='bbox 991 1379 1111 1461; x_wconf 73' lang='lat' dir='ltr'><strong>pluviae</strong></span> 
     </span>
     <span class='ocr_line' id='line_1_15' title="bbox 119 1449 1085 1542; baseline 0.003 -17"><span class='ocrx_word' id='word_1_126' title='bbox 119 1467 211 1540; x_wconf 84' lang='lat' dir='ltr'><strong>magis</strong></span> <span class='ocrx_word' id='word_1_127' title='bbox 232 1466 292 1532; x_wconf 86' lang='lat' dir='ltr'><strong>usi,</strong></span> <span class='ocrx_word' id='word_1_128' title='bbox 316 1483 408 1542; x_wconf 86' lang='lat' dir='ltr'><strong>eaque</strong></span> <span class='ocrx_word' id='word_1_129' title='bbox 429 1483 477 1525; x_wconf 90' lang='lat' dir='ltr'><strong>res</strong></span> <span class='ocrx_word' id='word_1_130' title='bbox 496 1449 617 1526; x_wconf 91' lang='lat' dir='ltr'><strong>multum</strong></span> <span class='ocrx_word' id='word_1_131' title='bbox 633 1470 736 1528; x_wconf 92' lang='lat' dir='ltr'><strong>animis</strong></span> <span class='ocrx_word' id='word_1_132' title='bbox 757 1488 858 1529; x_wconf 90' lang='lat' dir='ltr'><strong>eorum</strong></span> <span class='ocrx_word' id='word_1_133' title='bbox 874 1469 996 1528; x_wconf 89' lang='lat' dir='ltr'><strong>addidit:</strong></span> <span class='ocrx_word' id='word_1_134' title='bbox 1019 1485 1085 1528; x_wconf 91' lang='lat' dir='ltr'><strong>nam</strong></span> 
     </span>
    </p>

    <p class='ocr_par' dir='ltr' id='par_1_6' title="bbox 63 1547 1085 1627">
     <span class='ocr_line' id='line_1_16' title="bbox 63 1547 1085 1627; baseline 0.004 -19"><span class='ocrx_word' id='word_1_135' title='bbox 63 1561 67 1571; x_wconf 83' lang='grc'><em>·</em></span> <span class='ocrx_word' id='word_1_136' title='bbox 81 1567 107 1608; x_wconf 84' lang='grc' dir='ltr'><strong>ιι</strong></span> <span class='ocrx_word' id='word_1_137' title='bbox 119 1550 173 1608; x_wconf 90' lang='lat' dir='ltr'><strong>rati</strong></span> <span class='ocrx_word' id='word_1_138' title='bbox 194 1565 259 1624; x_wconf 74' lang='lat' dir='ltr'><strong>sese</strong></span> <span class='ocrx_word' id='word_1_139' title='bbox 278 1549 338 1608; x_wconf 90' lang='lat' dir='ltr'><strong>deis</strong></span> <span class='ocrx_word' id='word_1_140' title='bbox 354 1547 554 1608; x_wconf 72' lang='lat' dir='ltr'><strong>inmortalibus</strong></span> <span class='ocrx_word' id='word_1_141' title='bbox 575 1568 663 1616; x_wconf 85' lang='lat' dir='ltr'><strong>curae</strong></span> <span class='ocrx_word' id='word_1_142' title='bbox 678 1567 754 1611; x_wconf 89' lang='lat' dir='ltr'><strong>esse</strong></span> <span class='ocrx_word' id='word_1_143' title='bbox 786 1551 894 1612; x_wconf 86' lang='lat' dir='ltr'><strong>lleiude</strong></span> <span class='ocrx_word' id='word_1_144' title='bbox 910 1558 1025 1627; x_wconf 86' lang='lat' dir='ltr'><strong>postero</strong></span> <span class='ocrx_word' id='word_1_145' title='bbox 1039 1551 1085 1612; x_wconf 86' lang='lat' dir='ltr'><strong>dia</strong></span> 
     </span>
    </p>

    <p class='ocr_par' dir='ltr' id='par_1_7' title="bbox 36 1631 1155 1950">
     <span class='ocr_line' id='line_1_17' title="bbox 36 1631 1155 1710; baseline 0.001 -19"><span class='ocrx_word' id='word_1_146' title='bbox 36 1667 38 1675; x_wconf 40' lang='grc' dir='ltr'>ι</span> <span class='ocrx_word' id='word_1_147' title='bbox 118 1639 219 1692; x_wconf 88' lang='lat' dir='ltr'><strong>eontra</strong></span> <span class='ocrx_word' id='word_1_148' title='bbox 242 1633 407 1708; x_wconf 88' lang='lat' dir='ltr'><strong>opinionem</strong></span> <span class='ocrx_word' id='word_1_149' title='bbox 428 1631 583 1707; x_wconf 78' lang='lat' dir='ltr'><strong>Iugurthae</strong></span> <span class='ocrx_word' id='word_1_150' title='bbox 598 1633 633 1692; x_wconf 93' lang='lat' dir='ltr'><strong>ad</strong></span> <span class='ocrx_word' id='word_1_151' title='bbox 648 1632 767 1693; x_wconf 86' lang='lat' dir='ltr'><strong>Thalam</strong></span> <span class='ocrx_word' id='word_1_152' title='bbox 781 1635 960 1710; x_wconf 88' lang='lat' dir='ltr'><strong>perveniunt.</strong></span> <span class='ocrx_word' id='word_1_153' title='bbox 998 1632 1085 1710; x_wconf 83' lang='lat' dir='ltr'><strong>Oppr-</strong></span> <span class='ocrx_word' id='word_1_154' title='bbox 1096 1641 1127 1692; x_wconf 85' lang='lat'><strong>10</strong></span> <span class='ocrx_word' id='word_1_155' title='bbox 1153 1703 1155 1710; x_wconf 15' lang='lat' dir='ltr'>y</span> 
     </span>
     <span class='ocr_line' id='line_1_18' title="bbox 117 1713 1084 1791; baseline 0 -16"><span class='ocrx_word' id='word_1_156' title='bbox 117 1715 193 1783; x_wconf 88' lang='lat' dir='ltr'><strong>dani,</strong></span> <span class='ocrx_word' id='word_1_157' title='bbox 210 1716 259 1791; x_wconf 90' lang='lat' dir='ltr'><strong>qui</strong></span> <span class='ocrx_word' id='word_1_158' title='bbox 274 1732 306 1773; x_wconf 90' lang='lat' dir='ltr'><strong>se</strong></span> <span class='ocrx_word' id='word_1_159' title='bbox 319 1713 448 1774; x_wconf 85' lang='lat' dir='ltr'><strong>locorum</strong></span> <span class='ocrx_word' id='word_1_160' title='bbox 464 1716 616 1791; x_wconf 86' lang='lat' dir='ltr'><strong>asperitate</strong></span> <span class='ocrx_word' id='word_1_161' title='bbox 626 1719 757 1779; x_wconf 18' lang='lat' dir='ltr'><strong>*munitus</strong></span> <span class='ocrx_word' id='word_1_162' title='bbox 771 1716 967 1783; x_wconf 82' lang='lat' dir='ltr'><strong>eretliderant‚</strong></span> <span class='ocrx_word' id='word_1_163' title='bbox 981 1731 1084 1791; x_wconf 89' lang='lat' dir='ltr'><strong>magna</strong></span> 
     </span>
     <span class='ocr_line' id='line_1_19' title="bbox 117 1796 1110 1876; baseline -0.001 -17"><span class='ocrx_word' id='word_1_164' title='bbox 117 1806 203 1875; x_wconf 85' lang='lat' dir='ltr'><strong>atque</strong></span> <span class='ocrx_word' id='word_1_165' title='bbox 230 1797 343 1858; x_wconf 85' lang='lat' dir='ltr'><strong>insolita</strong></span> <span class='ocrx_word' id='word_1_166' title='bbox 370 1815 403 1858; x_wconf 92' lang='lat' dir='ltr'><strong>re</strong></span> <span class='ocrx_word' id='word_1_167' title='bbox 423 1796 566 1875; x_wconf 84' lang='lat' dir='ltr'><strong>perculsi,</strong></span> <span class='ocrx_word' id='word_1_168' title='bbox 588 1796 679 1876; x_wconf 84' lang='lat' dir='ltr'><strong>nihilo</strong></span> <span class='ocrx_word' id='word_1_169' title='bbox 700 1801 816 1876; x_wconf 91' lang='lat' dir='ltr'><strong>segnius</strong></span> <span class='ocrx_word' id='word_1_170' title='bbox 836 1798 944 1859; x_wconf 87' lang='lat' dir='ltr'><strong>bellum</strong></span> <span class='ocrx_word' id='word_1_171' title='bbox 965 1816 1083 1876; x_wconf 87' lang='lat' dir='ltr'><strong>parare:</strong></span> <span class='ocrx_word' id='word_1_172' title='bbox 1108 1861 1110 1864; x_wconf 75' lang='grc'><strong>,</strong></span> 
     </span>
     <span class='ocr_line' id='line_1_20' title="bbox 116 1881 1134 1950; baseline 0.001 -8"><span class='ocrx_word' id='word_1_173' title='bbox 116 1883 193 1942; x_wconf 92' lang='lat' dir='ltr'><strong>idem</strong></span> <span class='ocrx_word' id='word_1_174' title='bbox 213 1882 305 1940; x_wconf 87' lang='lat' dir='ltr'><strong>nostri</strong></span> <span class='ocrx_word' id='word_1_175' title='bbox 332 1881 438 1941; x_wconf 79' lang='lat' dir='ltr'><strong>lacere.</strong></span> <span class='ocrx_word' id='word_1_176' title='bbox 480 1881 530 1941; x_wconf 89' lang='lat' dir='ltr'><strong>Set</strong></span> <span class='ocrx_word' id='word_1_177' title='bbox 551 1900 619 1950; x_wconf 85' lang='lat' dir='ltr'><strong>rex,</strong></span> <span class='ocrx_word' id='word_1_178' title='bbox 643 1882 713 1942; x_wconf 88' lang='lat' dir='ltr'><strong>nihil</strong></span> <span class='ocrx_word' id='word_1_179' title='bbox 738 1884 794 1943; x_wconf 91' lang='lat' dir='ltr'><strong>iam</strong></span> <span class='ocrx_word' id='word_1_180' title='bbox 816 1883 953 1943; x_wconf 85' lang='lat' dir='ltr'><strong>iniectum</strong></span> <span class='ocrx_word' id='word_1_181' title='bbox 971 1881 1084 1942; x_wconf 84' lang='lat' dir='ltr'><strong>Metello</strong></span> <span class='ocrx_word' id='word_1_182' title='bbox 1094 1883 1134 1943; x_wconf 79' lang='lat'><strong>76</strong></span> 
     </span>
    </p>

    <p class='ocr_par' dir='ltr' id='par_1_8' title="bbox 76 1965 1084 2374">
     <span class='ocr_line' id='line_1_21' title="bbox 76 1965 1083 2043; baseline 0.002 -19"><span class='ocrx_word' id='word_1_183' title='bbox 76 1965 254 2031; x_wconf 76' lang='lat' dir='ltr'><strong>2o&#39;eredens,</strong></span> <span class='ocrx_word' id='word_1_184' title='bbox 278 1965 383 2040; x_wconf 89' lang='lat' dir='ltr'><strong>quippe</strong></span> <span class='ocrx_word' id='word_1_185' title='bbox 406 1965 455 2042; x_wconf 90' lang='lat' dir='ltr'><strong>qui</strong></span> <span class='ocrx_word' id='word_1_186' title='bbox 469 1967 574 2034; x_wconf 86' lang='lat' dir='ltr'><strong>omnia,</strong></span> <span class='ocrx_word' id='word_1_187' title='bbox 590 1984 669 2025; x_wconf 91' lang='lat' dir='ltr'><strong>arma</strong></span> <span class='ocrx_word' id='word_1_188' title='bbox 687 1967 757 2034; x_wconf 88' lang='lat' dir='ltr'><strong>tela,</strong></span> <span class='ocrx_word' id='word_1_189' title='bbox 776 1965 855 2026; x_wconf 85' lang='lat' dir='ltr'><strong>loeus</strong></span> <span class='ocrx_word' id='word_1_190' title='bbox 873 1974 1017 2043; x_wconf 85' lang='lat' dir='ltr'><strong>tempora,</strong></span> <span class='ocrx_word' id='word_1_191' title='bbox 1034 1966 1083 2026; x_wconf 89' lang='lat' dir='ltr'><strong>de·</strong></span> 
     </span>
     <span class='ocr_line' id='line_1_22' title="bbox 116 2049 1083 2126; baseline 0.001 -19"><span class='ocrx_word' id='word_1_192' title='bbox 116 2049 202 2124; x_wconf 90' lang='lat' dir='ltr'><strong>nique</strong></span> <span class='ocrx_word' id='word_1_193' title='bbox 218 2055 349 2107; x_wconf 90' lang='lat' dir='ltr'><strong>naturam</strong></span> <span class='ocrx_word' id='word_1_194' title='bbox 365 2050 457 2124; x_wconf 88' lang='lat' dir='ltr'><strong>ipsam</strong></span> <span class='ocrx_word' id='word_1_195' title='bbox 473 2050 577 2108; x_wconf 85' lang='lat' dir='ltr'><strong>ceteris</strong></span> <span class='ocrx_word' id='word_1_196' title='bbox 594 2050 794 2126; x_wconf 87' lang='lat' dir='ltr'><strong>inperitantem</strong></span> <span class='ocrx_word' id='word_1_197' title='bbox 810 2049 949 2110; x_wconf 82' lang='lat' dir='ltr'><strong>industria</strong></span> <span class='ocrx_word' id='word_1_198' title='bbox 968 2056 1083 2117; x_wconf 81' lang='lat' dir='ltr'><strong>vicerat,</strong></span> 
     </span>
     <span class='ocr_line' id='line_1_23' title="bbox 116 2130 1083 2210; baseline -0.001 -18.98"><span class='ocrx_word' id='word_1_199' title='bbox 116 2149 181 2191; x_wconf 89' lang='lat' dir='ltr'><strong>cum</strong></span> <span class='ocrx_word' id='word_1_200' title='bbox 199 2130 299 2191; x_wconf 85' lang='lat' dir='ltr'><strong>liberis</strong></span> <span class='ocrx_word' id='word_1_201' title='bbox 317 2137 345 2191; x_wconf 89' lang='lat' dir='ltr'><strong>et</strong></span> <span class='ocrx_word' id='word_1_202' title='bbox 359 2148 462 2208; x_wconf 85' lang='lat' dir='ltr'><strong>magna</strong></span> <span class='ocrx_word' id='word_1_203' title='bbox 477 2141 559 2208; x_wconf 88' lang='lat' dir='ltr'><strong>parte</strong></span> <span class='ocrx_word' id='word_1_204' title='bbox 567 2134 713 2210; x_wconf 87' lang='lat' dir='ltr'><strong>pecuniae</strong></span> <span class='ocrx_word' id='word_1_205' title='bbox 728 2152 762 2193; x_wconf 85' lang='lat' dir='ltr'><strong>ex</strong></span> <span class='ocrx_word' id='word_1_206' title='bbox 778 2133 884 2209; x_wconf 91' lang='lat' dir='ltr'><strong>oppido</strong></span> <span class='ocrx_word' id='word_1_207' title='bbox 906 2138 993 2190; x_wconf 84' lang='lat' dir='ltr'><strong>noctu</strong></span> <span class='ocrx_word' id='word_1_208' title='bbox 1016 2150 1083 2208; x_wconf 88' lang='lat' dir='ltr'><strong>pre·</strong></span> 
     </span>
     <span class='ocr_line' id='line_1_24' title="bbox 115 2214 1084 2293; baseline 0 -19"><span class='ocrx_word' id='word_1_209' title='bbox 115 2214 197 2289; x_wconf 83' lang='lat' dir='ltr'><strong>sugit,</strong></span> <span class='ocrx_word' id='word_1_210' title='bbox 221 2231 316 2290; x_wconf 89' lang='lat' dir='ltr'><strong>neque</strong></span> <span class='ocrx_word' id='word_1_211' title='bbox 337 2223 435 2293; x_wconf 87' lang='lat' dir='ltr'><strong>postea</strong></span> <span class='ocrx_word' id='word_1_212' title='bbox 457 2215 485 2273; x_wconf 94' lang='lat' dir='ltr'><strong>in</strong></span> <span class='ocrx_word' id='word_1_213' title='bbox 507 2215 565 2274; x_wconf 93' lang='lat' dir='ltr'><strong>ullo</strong></span> <span class='ocrx_word' id='word_1_214' title='bbox 584 2214 649 2274; x_wconf 90' lang='lat' dir='ltr'><strong>loeo</strong></span> <span class='ocrx_word' id='word_1_215' title='bbox 670 2214 793 2291; x_wconf 90' lang='lat' dir='ltr'><strong>amplius</strong></span> <span class='ocrx_word' id='word_1_216' title='bbox 815 2232 874 2274; x_wconf 90' lang='lat' dir='ltr'><strong>uno</strong></span> <span class='ocrx_word' id='word_1_217' title='bbox 895 2214 942 2273; x_wconf 91' lang='lat' dir='ltr'><strong>die</strong></span> <span class='ocrx_word' id='word_1_218' title='bbox 963 2221 1013 2272; x_wconf 89' lang='lat' dir='ltr'><strong>aut</strong></span> <span class='ocrx_word' id='word_1_219' title='bbox 1028 2231 1084 2274; x_wconf 87' lang='lat' dir='ltr'><strong>una</strong></span> 
     </span>
     <span class='ocr_line' id='line_1_25' title="bbox 115 2296 1084 2384; baseline 0 -28"><span class='ocrx_word' id='word_1_220' title='bbox 115 2305 200 2358; x_wconf 89' lang='lat' dir='ltr'><strong>noete</strong></span> <span class='ocrx_word' id='word_1_221' title='bbox 215 2305 357 2365; x_wconf 88' lang='lat' dir='ltr'><strong>moratus,</strong></span> <span class='ocrx_word' id='word_1_222' title='bbox 374 2296 527 2358; x_wconf 83' lang='lat' dir='ltr'><strong>simulabat</strong></span> <span class='ocrx_word' id='word_1_223' title='bbox 542 2315 606 2358; x_wconf 89' lang='lat' dir='ltr'><strong>sese</strong></span> <span class='ocrx_word' id='word_1_224' title='bbox 622 2299 717 2384; x_wconf 82' lang='lat' dir='ltr'><strong>negoti</strong></span> <span class='ocrx_word' id='word_1_225' title='bbox 732 2299 822 2374; x_wconf 87' lang='lat' dir='ltr'><strong>gratia</strong></span> <span class='ocrx_word' id='word_1_226' title='bbox 842 2313 1015 2374; x_wconf 85' lang='lat' dir='ltr'><strong>properare:</strong></span> <span class='ocrx_word' id='word_1_227' title='bbox 1038 2315 1084 2356; x_wconf 83' lang='lat' dir='ltr'><strong>re·</strong></span> 
     </span>
    </p>

    <p class='ocr_par' dir='ltr' id='par_1_9' title="bbox 73 2378 1109 2791">
     <span class='ocr_line' id='line_1_26' title="bbox 73 2378 1084 2459; baseline -0.002 -17"><span class='ocrx_word' id='word_1_228' title='bbox 73 2402 104 2442; x_wconf 73' lang='lat' dir='ltr'><strong>aa</strong></span> <span class='ocrx_word' id='word_1_229' title='bbox 115 2387 210 2440; x_wconf 90' lang='lat' dir='ltr'><strong>terum</strong></span> <span class='ocrx_word' id='word_1_230' title='bbox 226 2380 417 2457; x_wconf 85' lang='lat' dir='ltr'><strong>proditionem</strong></span> <span class='ocrx_word' id='word_1_231' title='bbox 433 2379 559 2449; x_wconf 87' lang='lat' dir='ltr'><strong>timebat,</strong></span> <span class='ocrx_word' id='word_1_232' title='bbox 575 2398 661 2459; x_wconf 90' lang='lat' dir='ltr'><strong>quam</strong></span> <span class='ocrx_word' id='word_1_233' title='bbox 675 2382 768 2441; x_wconf 85' lang='lat' dir='ltr'><strong>vitare</strong></span> <span class='ocrx_word' id='word_1_234' title='bbox 777 2397 874 2458; x_wconf 90' lang='lat' dir='ltr'><strong>posse</strong></span> <span class='ocrx_word' id='word_1_235' title='bbox 877 2378 1021 2440; x_wconf 86' lang='lat' dir='ltr'><strong>celeritate</strong></span> <span class='ocrx_word' id='word_1_236' title='bbox 1031 2397 1084 2456; x_wconf 90' lang='lat' dir='ltr'><strong>pu·</strong></span> 
     </span>
     <span class='ocr_line' id='line_1_27' title="bbox 114 2463 1082 2542; baseline -0.002 -18"><span class='ocrx_word' id='word_1_237' title='bbox 114 2463 209 2524; x_wconf 83' lang='lat' dir='ltr'><strong>tabat:</strong></span> <span class='ocrx_word' id='word_1_238' title='bbox 230 2481 297 2522; x_wconf 88' lang='lat' dir='ltr'><strong>narn</strong></span> <span class='ocrx_word' id='word_1_239' title='bbox 316 2463 382 2524; x_wconf 88' lang='lat' dir='ltr'><strong>talia</strong></span> <span class='ocrx_word' id='word_1_240' title='bbox 402 2463 520 2523; x_wconf 85' lang='lat' dir='ltr'><strong>consilia</strong></span> <span class='ocrx_word' id='word_1_241' title='bbox 532 2481 584 2542; x_wconf 91' lang='lat' dir='ltr'><strong>per</strong></span> <span class='ocrx_word' id='word_1_242' title='bbox 597 2465 687 2524; x_wconf 92' lang='lat' dir='ltr'><strong>otium</strong></span> <span class='ocrx_word' id='word_1_243' title='bbox 699 2471 727 2524; x_wconf 82' lang='lat' dir='ltr'><strong>et</strong></span> <span class='ocrx_word' id='word_1_244' title='bbox 744 2482 778 2524; x_wconf 85' lang='lat' dir='ltr'><strong>ex</strong></span> <span class='ocrx_word' id='word_1_245' title='bbox 798 2465 992 2542; x_wconf 83' lang='lat' dir='ltr'><strong>oportunitate</strong></span> <span class='ocrx_word' id='word_1_246' title='bbox 1010 2463 1082 2540; x_wconf 85' lang='lat' dir='ltr'><strong>oapi.</strong></span> 
     </span>
     <span class='ocr_line' id='line_1_28' title="bbox 113 2545 1108 2624; baseline -0.003 -17"><span class='ocrx_word' id='word_1_247' title='bbox 113 2548 150 2608; x_wconf 84' lang='grc' dir='ltr'><strong>Αι</strong></span> <span class='ocrx_word' id='word_1_248' title='bbox 167 2545 306 2616; x_wconf 86' lang='lat' dir='ltr'><strong>Metellus,</strong></span> <span class='ocrx_word' id='word_1_249' title='bbox 321 2547 370 2607; x_wconf 91' lang='grc' dir='ltr'>ιιιιι</span> <span class='ocrx_word' id='word_1_250' title='bbox 391 2547 550 2624; x_wconf 85' lang='lat' dir='ltr'><strong>oppidanos</strong></span> <span class='ocrx_word' id='word_1_251' title='bbox 564 2546 674 2624; x_wconf 92' lang='lat' dir='ltr'><strong>proelio</strong></span> <span class='ocrx_word' id='word_1_252' title='bbox 690 2549 823 2614; x_wconf 74' lang='lat' dir='ltr'><strong>intendis,</strong></span> <span class='ocrx_word' id='word_1_253' title='bbox 842 2545 927 2607; x_wconf 91' lang='lat' dir='ltr'><strong>simul</strong></span> <span class='ocrx_word' id='word_1_254' title='bbox 947 2547 1108 2623; x_wconf 73' lang='lat' dir='ltr'><strong>oppidumr</strong></span> 
     </span>
     <span class='ocr_line' id='line_1_29' title="bbox 113 2630 1084 2710; baseline -0.001 -19"><span class='ocrx_word' id='word_1_255' title='bbox 113 2637 144 2691; x_wconf 88' lang='lat' dir='ltr'><strong>et</strong></span> <span class='ocrx_word' id='word_1_256' title='bbox 164 2630 302 2710; x_wconf 81' lang='lat' dir='ltr'><strong>operibus</strong></span> <span class='ocrx_word' id='word_1_257' title='bbox 324 2638 352 2690; x_wconf 88' lang='lat' dir='ltr'><strong>et</strong></span> <span class='ocrx_word' id='word_1_258' title='bbox 373 2630 437 2690; x_wconf 87' lang='lat' dir='ltr'><strong>loeo</strong></span> <span class='ocrx_word' id='word_1_259' title='bbox 460 2632 601 2690; x_wconf 90' lang='lat' dir='ltr'><strong>munitum</strong></span> <span class='ocrx_word' id='word_1_260' title='bbox 630 2631 714 2700; x_wconf 83' lang='lat' dir='ltr'><strong>ridet,</strong></span> <span class='ocrx_word' id='word_1_261' title='bbox 736 2630 809 2691; x_wconf 82' lang='lat' dir='ltr'><strong>vallo</strong></span> <span class='ocrx_word' id='word_1_262' title='bbox 825 2631 958 2707; x_wconf 85' lang='lat' dir='ltr'><strong>lassaque</strong></span> <span class='ocrx_word' id='word_1_263' title='bbox 971 2631 1084 2690; x_wconf 88' lang='lat' dir='ltr'><strong>moenia</strong></span> 
     </span>
     <span class='ocr_line' id='line_1_30' title="bbox 116 2712 1109 2791; baseline 0 -18"><span class='ocrx_word' id='word_1_264' title='bbox 116 2713 312 2774; x_wconf 81' lang='lat' dir='ltr'><strong>circumvenit.</strong></span> <span class='ocrx_word' id='word_1_265' title='bbox 341 2715 450 2775; x_wconf 86' lang='lat' dir='ltr'><strong>Deinde</strong></span> <span class='ocrx_word' id='word_1_266' title='bbox 466 2712 536 2772; x_wconf 86' lang='lat' dir='ltr'><strong>loeis</strong></span> <span class='ocrx_word' id='word_1_267' title='bbox 555 2733 589 2774; x_wconf 85' lang='lat' dir='ltr'><strong>er</strong></span> <span class='ocrx_word' id='word_1_268' title='bbox 608 2716 690 2791; x_wconf 79' lang='lat' dir='ltr'><strong>eopia</strong></span> <span class='ocrx_word' id='word_1_269' title='bbox 711 2733 843 2776; x_wconf 86' lang='lat' dir='ltr'><strong>maxume</strong></span> <span class='ocrx_word' id='word_1_270' title='bbox 858 2714 968 2774; x_wconf 91' lang='lat' dir='ltr'><strong>idoneis</strong></span> <span class='ocrx_word' id='word_1_271' title='bbox 990 2714 1109 2773; x_wconf 81' lang='lat' dir='ltr'><strong>vineas3</strong></span> 
     </span>
    </p>

    <p class='ocr_par' dir='ltr' id='par_1_10' title="bbox 11 2796 1159 3208">
     <span class='ocr_line' id='line_1_31' title="bbox 11 2796 1082 2877; baseline -0.006 -19"><span class='ocrx_word' id='word_1_272' title='bbox 11 2815 15 2825; x_wconf 55' lang='lat'><strong><em>⁴</em></strong></span> <span class='ocrx_word' id='word_1_273' title='bbox 73 2814 215 2874; x_wconf 75' lang='lat' dir='ltr'><strong>magere,</strong></span> <span class='ocrx_word' id='word_1_274' title='bbox 245 2813 383 2873; x_wconf 82' lang='lat' dir='ltr'><strong>aggerem</strong></span> <span class='ocrx_word' id='word_1_275' title='bbox 404 2799 500 2858; x_wconf 88' lang='lat' dir='ltr'><strong>iacere</strong></span> <span class='ocrx_word' id='word_1_276' title='bbox 517 2796 575 2877; x_wconf 90' lang='lat' dir='ltr'><strong>[et]</strong></span> <span class='ocrx_word' id='word_1_277' title='bbox 602 2814 690 2874; x_wconf 88' lang='lat' dir='ltr'><strong>super</strong></span> <span class='ocrx_word' id='word_1_278' title='bbox 712 2815 848 2874; x_wconf 88' lang='lat' dir='ltr'><strong>aggerem</strong></span> <span class='ocrx_word' id='word_1_279' title='bbox 870 2796 1009 2872; x_wconf 86' lang='lat' dir='ltr'><strong>inpositis</strong></span> <span class='ocrx_word' id='word_1_280' title='bbox 1023 2802 1082 2852; x_wconf 84' lang='lat' dir='ltr'><strong>tur·</strong></span> 
     </span>
     <span class='ocr_line' id='line_1_32' title="bbox 113 2877 1108 2958; baseline -0.009 -14"><span class='ocrx_word' id='word_1_281' title='bbox 113 2880 196 2945; x_wconf 85' lang='lat' dir='ltr'><strong>ribus</strong></span> <span class='ocrx_word' id='word_1_282' title='bbox 213 2897 287 2958; x_wconf 92' lang='lat' dir='ltr'><strong>opus</strong></span> <span class='ocrx_word' id='word_1_283' title='bbox 301 2887 330 2939; x_wconf 91' lang='lat' dir='ltr'><strong>et</strong></span> <span class='ocrx_word' id='word_1_284' title='bbox 344 2881 527 2940; x_wconf 89' lang='lat' dir='ltr'><strong>administros</strong></span> <span class='ocrx_word' id='word_1_285' title='bbox 543 2881 638 2940; x_wconf 90' lang='lat' dir='ltr'><strong>tutari.</strong></span> <span class='ocrx_word' id='word_1_286' title='bbox 675 2880 779 2940; x_wconf 78' lang='lat' dir='ltr'><strong>Contra</strong></span> <span class='ocrx_word' id='word_1_287' title='bbox 797 2880 869 2939; x_wconf 90' lang='lat' dir='ltr'><strong>haee</strong></span> <span class='ocrx_word' id='word_1_288' title='bbox 885 2877 1020 2952; x_wconf 90' lang='lat' dir='ltr'><strong>oppidani</strong></span> <span class='ocrx_word' id='word_1_289' title='bbox 1042 2878 1082 2936; x_wconf 88' lang='lat' dir='ltr'><strong>le·</strong></span> <span class='ocrx_word' id='word_1_290' title='bbox 1091 2887 1108 2935; x_wconf 82' lang='grc'><strong>4</strong></span> 
     </span>
     <span class='ocr_line' id='line_1_33' title="bbox 113 2959 1159 3042; baseline -0.002 -20"><span class='ocrx_word' id='word_1_291' title='bbox 113 2965 221 3022; x_wconf 84' lang='lat' dir='ltr'><strong>stinare</strong></span> <span class='ocrx_word' id='word_1_292' title='bbox 248 2980 367 3042; x_wconf 86' lang='lat' dir='ltr'><strong>parare:</strong></span> <span class='ocrx_word' id='word_1_293' title='bbox 395 2980 515 3040; x_wconf 89' lang='lat' dir='ltr'><strong>prorsus</strong></span> <span class='ocrx_word' id='word_1_294' title='bbox 540 2962 577 3023; x_wconf 90' lang='lat' dir='ltr'><strong>ab</strong></span> <span class='ocrx_word' id='word_1_295' title='bbox 606 2966 735 3040; x_wconf 89' lang='lat' dir='ltr'><strong>utrisque</strong></span> <span class='ocrx_word' id='word_1_296' title='bbox 762 2961 833 3022; x_wconf 90' lang='lat' dir='ltr'><strong>nihil</strong></span> <span class='ocrx_word' id='word_1_297' title='bbox 864 2959 982 3019; x_wconf 88' lang='lat' dir='ltr'><strong>relicum</strong></span> <span class='ocrx_word' id='word_1_298' title='bbox 1009 2960 1080 3020; x_wconf 88' lang='lat' dir='ltr'><strong>lieri.</strong></span> <span class='ocrx_word' id='word_1_299' title='bbox 1156 2999 1159 3008; x_wconf 86' lang='lat'><em>·</em></span> 
     </span>
     <span class='ocr_line' id='line_1_34' title="bbox 113 3040 1108 3123; baseline -0.001 -16"><span class='ocrx_word' id='word_1_300' title='bbox 113 3040 243 3123; x_wconf 84' lang='lat' dir='ltr'><strong>lienique</strong></span> <span class='ocrx_word' id='word_1_301' title='bbox 271 3046 410 3112; x_wconf 87' lang='lat' dir='ltr'><strong>Romani,</strong></span> <span class='ocrx_word' id='word_1_302' title='bbox 437 3045 555 3106; x_wconf 89' lang='lat' dir='ltr'><strong>multo</strong></span> <span class='ocrx_word' id='word_1_303' title='bbox 549 3053 623 3107; x_wconf 90' lang='lat' dir='ltr'><strong>ante</strong></span> <span class='ocrx_word' id='word_1_304' title='bbox 644 3045 744 3107; x_wconf 87' lang='lat' dir='ltr'><strong>labore</strong></span> <span class='ocrx_word' id='word_1_305' title='bbox 769 3043 943 3122; x_wconf 89' lang='lat' dir='ltr'><strong>proeliisque</strong></span> <span class='ocrx_word' id='word_1_306' title='bbox 966 3043 1108 3119; x_wconf 76' lang='lat' dir='ltr'><strong>fatigatio</strong></span> 
     </span>
     <span class='ocr_line' id='line_1_35' title="bbox 112 3127 1081 3208; baseline -0.005 -18"><span class='ocrx_word' id='word_1_307' title='bbox 112 3138 178 3208; x_wconf 88' lang='lat' dir='ltr'><strong>post</strong></span> <span class='ocrx_word' id='word_1_308' title='bbox 197 3131 259 3189; x_wconf 91' lang='lat' dir='ltr'><strong>dies</strong></span> <span class='ocrx_word' id='word_1_309' title='bbox 272 3129 476 3207; x_wconf 81' lang='lat' dir='ltr'><strong>quadraginta,</strong></span> <span class='ocrx_word' id='word_1_310' title='bbox 500 3148 585 3207; x_wconf 88' lang='lat' dir='ltr'><strong>quam</strong></span> <span class='ocrx_word' id='word_1_311' title='bbox 600 3149 635 3190; x_wconf 91' lang='lat' dir='ltr'><strong>eo</strong></span> <span class='ocrx_word' id='word_1_312' title='bbox 652 3136 767 3190; x_wconf 81' lang='lat' dir='ltr'><strong>venium</strong></span> <span class='ocrx_word' id='word_1_313' title='bbox 783 3134 858 3195; x_wconf 88' lang='lat' dir='ltr'><strong>erat,</strong></span> <span class='ocrx_word' id='word_1_314' title='bbox 875 3127 979 3206; x_wconf 90' lang='lat' dir='ltr'><strong>oppido</strong></span> <span class='ocrx_word' id='word_1_315' title='bbox 995 3128 1081 3187; x_wconf 92' lang='lat' dir='ltr'><strong>modo</strong></span> 
     </span>
    </p>

    <p class='ocr_par' dir='ltr' id='par_1_11' title="bbox 71 3209 1108 3293">
     <span class='ocr_line' id='line_1_36' title="bbox 71 3209 1108 3293; baseline -0.007 -18"><span class='ocrx_word' id='word_1_316' title='bbox 71 3215 209 3290; x_wconf 65' lang='lat' dir='ltr'><strong>aepoliti:</strong></span> <span class='ocrx_word' id='word_1_317' title='bbox 231 3215 339 3293; x_wconf 87' lang='lat' dir='ltr'><strong>praeda</strong></span> <span class='ocrx_word' id='word_1_318' title='bbox 361 3214 455 3272; x_wconf 90' lang='lat' dir='ltr'><strong>omnis</strong></span> <span class='ocrx_word' id='word_1_319' title='bbox 474 3211 511 3272; x_wconf 89' lang='lat' dir='ltr'><strong>ab</strong></span> <span class='ocrx_word' id='word_1_320' title='bbox 533 3213 663 3289; x_wconf 78' lang='lat' dir='ltr'><strong>perfugis</strong></span> <span class='ocrx_word' id='word_1_321' title='bbox 684 3219 833 3288; x_wconf 81' lang='lat' dir='ltr'><strong>corrupta.</strong></span> <span class='ocrx_word' id='word_1_322' title='bbox 875 3209 908 3270; x_wconf 85' lang='lat' dir='ltr'><strong>Ei</strong></span> <span class='ocrx_word' id='word_1_323' title='bbox 929 3218 1108 3288; x_wconf 85' lang='lat' dir='ltr'><strong>postquamo</strong></span> 
     </span>
    </p>

    <p class='ocr_par' dir='ltr' id='par_1_12' title="bbox 76 3294 1082 3542">
     <span class='ocr_line' id='line_1_37' title="bbox 76 3294 1082 3374; baseline -0.005 -17"><span class='ocrx_word' id='word_1_324' title='bbox 76 3307 81 3314; x_wconf 86' lang='lat'>&#39;</span> <span class='ocrx_word' id='word_1_325' title='bbox 113 3315 228 3358; x_wconf 89' lang='lat' dir='ltr'><strong>murum</strong></span> <span class='ocrx_word' id='word_1_326' title='bbox 251 3298 389 3358; x_wconf 84' lang='lat' dir='ltr'><strong>arietibus</strong></span> <span class='ocrx_word' id='word_1_327' title='bbox 404 3295 483 3356; x_wconf 84' lang='lat' dir='ltr'><strong>leriri</strong></span> <span class='ocrx_word' id='word_1_328' title='bbox 499 3313 602 3374; x_wconf 89' lang='lat' dir='ltr'><strong>resque</strong></span> <span class='ocrx_word' id='word_1_329' title='bbox 616 3313 683 3356; x_wconf 91' lang='lat' dir='ltr'><strong>suas</strong></span> <span class='ocrx_word' id='word_1_330' title='bbox 703 3294 832 3356; x_wconf 84' lang='lat' dir='ltr'><strong>adflictas</strong></span> <span class='ocrx_word' id='word_1_331' title='bbox 853 3295 1082 3360; x_wconf 80' lang='lat' dir='ltr'><strong>t·itlent,eurum</strong></span> 
     </span>
     <span class='ocr_line' id='line_1_38' title="bbox 112 3376 1081 3458; baseline -0.008 -16"><span class='ocrx_word' id='word_1_332' title='bbox 112 3387 200 3457; x_wconf 90' lang='lat' dir='ltr'><strong>alque</strong></span> <span class='ocrx_word' id='word_1_333' title='bbox 215 3389 366 3458; x_wconf 89' lang='lat' dir='ltr'><strong>argentum</strong></span> <span class='ocrx_word' id='word_1_334' title='bbox 382 3388 411 3448; x_wconf 86' lang='lat' dir='ltr'><strong>et</strong></span> <span class='ocrx_word' id='word_1_335' title='bbox 424 3378 477 3440; x_wconf 91' lang='lat' dir='ltr'><strong>alia</strong></span> <span class='ocrx_word' id='word_1_336' title='bbox 490 3397 564 3457; x_wconf 91' lang='lat' dir='ltr'><strong>quae</strong></span> <span class='ocrx_word' id='word_1_337' title='bbox 579 3382 669 3457; x_wconf 91' lang='lat' dir='ltr'><strong>prima</strong></span> <span class='ocrx_word' id='word_1_338' title='bbox 681 3379 828 3439; x_wconf 89' lang='lat' dir='ltr'><strong>duruntnr</strong></span> <span class='ocrx_word' id='word_1_339' title='bbox 843 3378 959 3438; x_wconf 92' lang='lat' dir='ltr'><strong>domum</strong></span> <span class='ocrx_word' id='word_1_340' title='bbox 973 3376 1081 3450; x_wconf 83' lang='lat' dir='ltr'><strong>regiam</strong></span> 
     </span>
     <span class='ocr_line' id='line_1_39' title="bbox 112 3461 1082 3542; baseline -0.004 -18"><span class='ocrx_word' id='word_1_341' title='bbox 112 3471 300 3542; x_wconf 86' lang='lat' dir='ltr'><strong>eonportaut:</strong></span> <span class='ocrx_word' id='word_1_342' title='bbox 321 3465 360 3528; x_wconf 88' lang='lat' dir='ltr'><strong>ibi</strong></span> <span class='ocrx_word' id='word_1_343' title='bbox 381 3465 447 3527; x_wconf 87' lang='lat' dir='ltr'><strong>vino</strong></span> <span class='ocrx_word' id='word_1_344' title='bbox 466 3470 495 3524; x_wconf 89' lang='lat' dir='ltr'><strong>et</strong></span> <span class='ocrx_word' id='word_1_345' title='bbox 510 3462 603 3542; x_wconf 86' lang='lat' dir='ltr'><strong>epulis</strong></span> <span class='ocrx_word' id='word_1_346' title='bbox 616 3465 727 3523; x_wconf 91' lang='lat' dir='ltr'><strong>onerati</strong></span> <span class='ocrx_word' id='word_1_347' title='bbox 748 3463 853 3542; x_wconf 87' lang='lat' dir='ltr'><strong>illaque</strong></span> <span class='ocrx_word' id='word_1_348' title='bbox 872 3469 900 3522; x_wconf 86' lang='lat' dir='ltr'><strong>et</strong></span> <span class='ocrx_word' id='word_1_349' title='bbox 917 3461 1033 3519; x_wconf 90' lang='lat' dir='ltr'><strong>domum</strong></span> <span class='ocrx_word' id='word_1_350' title='bbox 1054 3466 1082 3520; x_wconf 92' lang='lat' dir='ltr'><strong>et</strong></span> 
     </span>
    </p>
   </div>
   <div class='ocr_carea' id='block_1_3' title="bbox 730 3566 932 3620">
    <p class='ocr_par' dir='ltr' id='par_1_13' title="bbox 730 3566 932 3620">
     <span class='ocr_line' id='line_1_40' title="bbox 730 3566 932 3620; baseline 0 -37"><span class='ocrx_word' id='word_1_351' title='bbox 730 3566 932 3620; x_wconf 36' lang='lat'><strong>¹³6*</strong></span> 
     </span>
    </p>
   </div>
   <div class='ocr_carea' id='block_1_4' title="bbox 0 0 1278 3930">
    <p class='ocr_par' dir='ltr' id='par_1_14' title="bbox 0 0 1278 3930">
     <span class='ocr_line' id='line_1_41' title="bbox 0 0 1278 3930; baseline 0 0"><span class='ocrx_word' id='word_1_352' title='bbox 0 0 1278 3930; x_wconf 95' lang='lat' dir='ltr'><strong> </strong></span> 
     </span>
    </p>
   </div>
  </div>
 </body>
</html>
