2548 3930
187 169 228 231 50
392 190 435 230 nu
452 189 555 231 annno
575 181 775 230 rusvursrno
797 186 824 229 c.
849 179 892 232 19·
908 177 952 230 tu.

186 337 260 398 diuis
274 336 352 396 domi
365 337 539 397 minuendae
557 337 648 414 gratia
667 333 815 396 sollicitata
833 333 919 412 plebe
941 337 979 393 et*
991 331 1052 392 aliis
1070 348 1161 392 nora·

185 439 253 481 rum
266 437 366 481 rerum
384 421 481 490 avidis,
496 419 659 497 Hipponem
677 419 887 484 Hadrumetum
902 416 1022 494 Leptim
1031 415 1162 493 abasque

185 503 310 565 urbisin
326 523 378 565 ora
392 504 546 564 marituma
558 503 722 572 condidere,
738 519 846 581 eaeque
857 501 939 561 breui
955 497 1080 562 multum
1090 515 1160 560 auo-

92 649 100 666 ,
131 591 230 649 ,atae
252 605 320 666 pars
335 586 494 666 originibus
508 588 568 647 suis
581 587 740 730 praesidio,
763 585 835 646 aliae
848 585 946 646 decori
960 583 1052 644 luere
1084 581 1161 642 Nam

185 672 222 732 de
244 669 416 748 Carthagine
435 669 520 731 silere
534 688 580 730 me
601 688 637 730 ns
657 675 727 748 puto
739 686 826 749 (ιιιιιιιι
842 687 947 746 parum
957 669 1065 735 ducere,
1084 683 1157 744 quo-
1169 689 1183 728 s

184 756 262 816 niam
284 754 341 815 alio
362 771 535 831 properare
543 761 658 832 tempus
672 761 780 814 monet.

156 846 173 898 3
267 837 357 915 Igitur
374 836 410 897 ad
426 835 649 907 Catabathmon,
666 839 715 916 qui
736 838 819 907 heus
833 836 994 913 Aegyptum
1008 831 1055 893 ab
1061 831 1160 894 dirius

184 920 290 988 dividit,
306 920 435 980 secundo
450 922 525 981 mari
540 922 634 1001 prima
650 919 764 982 Curetas
783 927 839 988 est,
859 917 971 978 colonia
992 918 1157 985 Theraeon,

183 1021 217 1064 ac
235 1004 372 1082 deinceps
386 1004 461 1065 duae
479 1005 593 1084 Syrtes,
614 1007 748 1084 interque
766 1022 815 1064 eas
834 1003 946 1080 Leptis,
970 1002 1073 1063 deiude
1089 1001 1158 1060 Phi·

104 1139 111 1146 .
182 1086 287 1147 laenon
307 1106 390 1156 arae,
414 1106 502 1167 quem
522 1087 620 1152 locum
639 1089 801 1168 Aegyptum
827 1103 930 1147 vorsus
943 1085 1042 1147 'duem
1063 1087 1195 1162 inperito

156 1170 312 1232 thabnere
328 1170 587 1249 Carthaginienses,
604 1179 672 1250 post
686 1171 759 1233 aliae
777 1172 901 1233 Punicae
922 1170 1021 1231 urbes.
1055 1169 1158 1229 Cetera

181 1253 246 1315 loca
266 1272 360 1333 usque
381 1255 418 1315 ad
432 1255 640 1316 Mauretaniam
656 1253 798 1316 Numidae
813 1261 927 1314 tenent:
950 1255 1085 1333 proxumi
1106 1253 1157 1312 lli-

156 1340 282 1416 aspania
305 1337 398 1398 Mauri
419 1343 494 1398 sunt.
517 1369 520 1380 ·
538 1339 632 1418 Super
650 1337 813 1399 Numidiam
834 1337 971 1401 Gaetulos
991 1337 1159 1414 accepimns

155 1423 286 1499 ttpartim
305 1423 334 1481 iu
356 1423 493 1500 tuguriis,
517 1422 589 1482 alios
609 1420 744 1483 incultius
765 1439 853 1499 vagos
875 1424 998 1499 agitare,
1021 1427 1087 1499 post
1105 1437 1158 1480 eos

108 1577 110 1589 .
157 1505 337 1583 thethiopas
352 1521 425 1575 esse,
447 1505 552 1566 dehinc
567 1506 632 1567 loca
655 1513 754 1568 exusta
775 1507 843 1567 solis
863 1507 1026 1566 ardoribus.
1064 1505 1192 1581 igiturne

180 1588 257 1650 bello
279 1588 451 1666 iugurthino
472 1588 612 1669 pleraque
633 1610 669 1660 ex
690 1589 808 1652 Punicis
828 1591 933 1668 oppida
953 1597 981 1650 et
1001 1590 1067 1650 linis
1086 1587 1157 1648 Car·

179 1673 412 1751 thaginiensium,
426 1691 499 1753 quos
510 1677 675 1735 novissume
685 1675 857 1744 habuerant,
870 1673 996 1752 populus
1005 1673 1159 1733 Romanus

179 1775 234 1833 per
255 1754 439 1834 magistratus
460 1757 687 1827 administrabat,
711 1758 899 1820 Gaetuulorum
918 1775 1022 1834 magna
1043 1773 1112 1834 pars
1127 1762 1159 1816 et

85 1883 87 1892 ,
179 1837 320 1900 Numidae
341 1857 433 1916 nsque
457 1841 492 1899 ad
512 1840 621 1900 flumen
636 1839 801 1901 Mulucham
824 1841 878 1900 snb
899 1834 1039 1918 Iugurtha
1061 1845 1156 1907 erant,

179 1921 287 1982 llauris
309 1921 444 1982 omnibus
464 1939 517 1982 rex
537 1922 671 1983 bocchus
691 1924 882 2000 inperitabat,
910 1929 1027 2001 praeter
1047 1936 1192 1984 nomento
1252 1959 1253 1968 ι

181 2007 306 2066 cetera
297 2022 417 2084 rguarns
439 2005 539 2084 populi
560 2005 683 2102 Romani
707 2008 835 2086 itemque
856 2007 941 2067 nobis
960 2024 1056 2085 neque
1076 2006 1156 2068 bollo

153 2102 275 2168 tneque
301 2107 372 2168 pace
396 2097 479 2150 antea
503 2083 643 2168 cognitn‘s.
684 2089 726 2150 lle
747 2090 845 2151 Airica
864 2097 893 2151 et
913 2093 978 2153 eius
996 2090 1097 2152 incolis
1117 2091 1156 2150 ad

179 2175 422 2236 necessitudinem
446 2175 490 2235 rei
510 2175 579 2235 satis
600 2175 717 2235 dictum.

128 2263 169 2324 20
261 2257 418 2337 Postquam
438 2259 527 2320 diviso
550 2276 643 2336 regno
662 2259 749 2336 legati
769 2259 866 2320 Africa
885 2260 1036 2322 decessere
1055 2265 1084 2318 et
1105 2256 1154 2319 In·
1249 2291 1250 2303 ι

178 2341 283 2420 gurtha
300 2349 401 2402 contra
411 2343 546 2403 timorem
560 2344 648 2403 animi
661 2345 790 2419 praemia
805 2344 923 2406 sceleris
938 2343 1074 2420 adeptum
1089 2359 1155 2403 sese
1165 2359 1192 2399 as
1248 2373 1249 2392 ι

177 2424 262 2492 ridet,
287 2430 399 2484 certum
415 2443 479 2486 esse
498 2433 588 2495 ratus,
611 2428 689 2506 qnod
712 2446 747 2489 ex
763 2429 861 2488 amieis
876 2429 953 2505 apud
968 2426 1155 2486 Numantiam
1247 2469 1248 2487 ι

178 2513 339 2583 acceperat,
363 2509 459 2568 omnia
473 2507 584 2568 Romae
598 2509 709 2570 venalia
725 2529 797 2579 esse,
816 2512 901 2584 simul
916 2517 944 2570 et
958 2509 1073 2569 diorum
1088 2510 1155 2584 pol·
1246 2527 1247 2579 ι

176 2587 381 2649 licitationibus
389 2589 547 2658 adcensns,
564 2608 637 2668 quos
651 2592 738 2688 paulo
754 2600 820 2652 ante
834 2571 1004 2652 muneribus
1018 2590 1154 2670 explere
1245 2619 1246 2669 ι

152 2679 236 2742 arat,
258 2675 288 2733 in
302 2688 426 2750 regnum
433 2672 612 2733 Adherbalis
625 2675 895 2735 animnmintendit.
928 2675 993 2754 lpse
1008 2691 1075 2735 acer
1089 2675 1153 2736 bel·
1244 2701 1245 2762 t

177 2755 293 2827 licosus,
306 2757 382 2825 atis,
395 2775 482 2838 quem
492 2755 618 2834 petebat
631 2759 745 2835 quietus
755 2757 878 2827 mbelhs
895 2758 1031 2835 placido'
1024 2761 1151 2836 mgenio,
1163 2778 1192 2820 oc

150 2841 361 2919 aoportunns
353 2857 491 2908 mrurrae
507 2846 639 2900 metuens
653 2859 745 2920 magus
756 2861 844 2921 qnam
855 2843 1036 2904 metuendus.
1060 2842 1153 2922 lgitur

177 2925 369 3002 exinproviso
382 2925 483 2984 linis
459 2941 520 2985 ems
532 2941 600 2985 cum
611 2941 716 3003 magna
727 2944 814 2988 manu
825 2927 941 2997 invadit,
952 2926 1059 2988 multos
1071 2945 1151 2988 mor

176 3005 240 3066 talis
255 3025 320 3067 cnm
335 3026 443 3085 pecore
459 3014 544 3086 ataine
558 3008 611 3069 alia
627 3010 735 3086 praeda
758 3013 847 3088 capit,
871 3008 999 3082 aedilicia
1012 3012 1149 3079 incendit,

94 3129 103 3146 .
149 3088 314 3168 apleraque
331 3090 395 3160 loca
409 3087 551 3152 hdstiliter
573 3111 639 3152 cum
662 3093 789 3171 equitatu
812 3095 933 3165 adcedit,
956 3095 1060 3155 deinde
1082 3113 1149 3155 cnm

177 3175 257 3233 omni
278 3173 490 3236 multitudine
482 3193 512 3236 ιιι
531 3192 656 3254 regnum
677 3193 761 3238 sunm
788 3181 943 3248 convortit,
972 3179 1150 3239 existumans
1160 3195 1191 3235 as

175 3254 370 3318 Adherbalem
389 3257 488 3319 dolore
510 3263 704 3338 permotum
696 3263 815 3322 miurias
829 3281 897 3324 snas
917 3278 1004 3321 mann
1023 3263 1149 3322 vindica·

30 3333 41 3343 ”
118 3351 122 3362 ’
148 3345 275 3406 uturum
291 3357 412 3418 eamque
427 3359 491 3402 rem
504 3343 573 3404 belli
588 3363 719 3408 caussam
734 3347 805 3407 fore.
837 3347 873 3406 tt
887 3346 943 3413 ille,
961 3344 1039 3423 qnod
1051 3363 1149 3424 neque

175 3439 207 3483 se
221 3440 323 3502 parem
337 3424 425 3484 armis
440 3427 632 3490 existumabat
646 3437 675 3490 et
689 3433 812 3492 amicitia
833 3429 933 3510 poprdi
946 3428 1071 3489 Romani
1085 3448 1148 3490 ma·
