2536 3936
174 148 213 212 38
345 171 388 210 nn
408 171 510 212 nunno
532 169 731 212 wovarnmo
756 171 784 212 c.
806 163 830 214 1.
852 161 878 212 2.
902 162 927 216 3.
942 161 969 214 4.

171 291 321 396 praeclara
342 317 446 387 iacies,
468 333 590 395 magnae
611 318 738 386 divitiae,
762 317 876 378 adhoc
903 318 944 378 u's
965 320 1097 396 corporis
1120 325 1153 380 et

171 401 226 463 alia
239 404 335 463 omnia
349 403 470 463 huiusce
491 401 570 462 modi
585 400 667 462 brevi
682 399 858 470 dilabuntur,
875 407 904 462 at
919 403 1017 478 ingeni
1031 404 1157 479 egregia

145 485 301 550 tiatinora
322 488 406 548 sicuti
426 487 521 546 anima
542 484 704 547 inmortalia
724 491 800 546 sunt.
842 485 992 546 Postremo
1014 488 1150 565 corporis

81 621 84 636 ,
172 576 201 630 et
221 570 355 631 fortunae
370 569 514 631 bonorum
528 575 561 629 ut
575 570 688 630 initium
702 569 743 629 sie
759 569 824 629 finis
841 575 894 637 est,
913 570 1068 648 omniaque
1082 575 1149 629 orta

171 654 308 715 occidunt
323 661 352 716 et
365 659 448 714 aucta
464 659 632 713 senescunt:
655 654 777 721 animus,
794 655 985 731 inconruptus
1000 659 1147 721 aeternus,
1160 683 1175 721 5

172 745 270 799 rector
292 738 411 799 humani
432 738 549 812 generis
569 738 628 813 agit
649 742 735 815 atque
749 734 839 797 hahet
853 743 957 796 cuncta
973 753 1069 815 neque
1087 737 1150 815 ipse

146 822 305 885 4habetur.
340 821 404 892 Quo
418 821 511 896 magis
524 822 649 897 pravitas
664 815 949 881 eorum·‘·admiranda'
965 825 1017 889 est,
1036 822 1086 899 qui
1099 820 1151 880 de·

173 906 225 966 diti
239 906 372 982 eorporis
389 903 502 980 gaudiis
515 921 569 981 per
585 903 686 964 luxum
700 910 729 964 et
742 905 884 981 ignaviam
904 910 1028 964 aetatem
1048 910 1150 980 agunt,

173 994 304 1049 ceterum
324 989 482 1064 ingenium,
505 1005 563 1066 quo
580 997 675 1066 neque
695 986 799 1049 meiius
815 1005 911 1066 neque
928 986 1051 1066 amplius
1072 986 1151 1048 aliud

172 1074 202 1133 in
222 1077 326 1133 natura
341 1071 506 1134 mortalium
523 1078 580 1141 est,
603 1070 715 1134 incultu
729 1078 815 1149 atque
834 1071 967 1133 socordia
980 1078 1152 1150 torpescere
1163 1097 1191 1138 xo

172 1158 283 1224 sinunt,
314 1174 381 1217 cum
401 1157 575 1234 praesertim
595 1161 655 1214 mm
680 1154 789 1216 multae
810 1157 966 1234 variaeque
992 1157 1050 1216 sint
1073 1162 1153 1216 artes

173 1241 276 1308 animi,
301 1239 407 1318 quibus
423 1257 537 1300 summa
556 1238 697 1298 claritudo
711 1247 840 1316 paratur.

142 1320 161 1382 3
256 1323 366 1384 Verum
383 1342 418 1384 ex
440 1324 482 1382 eis
502 1323 687 1398 magistratus
701 1328 730 1382 et
746 1323 872 1400 inperia,
894 1330 1043 1401 postremo
1057 1325 1153 1383 omnis

104 1463 105 1470 ,
174 1425 245 1467 cura
258 1424 359 1466 rerum
381 1405 567 1484 publicarum
580 1407 710 1467 minume
725 1405 797 1468 mihi
813 1406 870 1467 hac
882 1413 1053 1485 tempestate
1069 1407 1151 1484 eupi-

172 1491 249 1551 unda
272 1490 421 1559 videntur,
444 1491 581 1568 quoniam
600 1506 697 1568 neque
711 1491 809 1551 virtuti
823 1489 917 1550 honos
933 1491 1031 1560 datur,
1053 1508 1152 1568 neque
1162 1519 1189 1560 η

173 1574 228 1644 illi,
252 1574 359 1654 quibus
379 1592 433 1652 per
455 1574 589 1636 fraudem
611 1573 665 1634 fuit
687 1575 743 1643 uti,
766 1593 801 1636 eo
823 1576 916 1652 magis
937 1573 1056 1636 honesti·
1072 1579 1151 1634 sunt.

146 1659 246 1723 aNam
263 1660 290 1719 vi
305 1659 423 1738 quidem
438 1675 543 1735 regere
559 1660 682 1738 patriam
699 1664 749 1719 aut
769 1661 907 1737 parentis,
930 1675 1106 1738 quamquam
1123 1665 1154 1718 et

173 1745 266 1821 possis
277 1749 306 1803 et
321 1742 425 1803 delicta
440 1743 584 1817 conrigas,
602 1749 700 1801 tamen
713 1744 902 1819 inportunum
919 1749 970 1810 est,
987 1759 1054 1802 eum
1065 1759 1153 1818 prac-

173 1829 276 1886 sertim
288 1843 389 1886 omnes
405 1841 507 1884 rerum
521 1825 696 1884 mutationes
710 1824 830 1885 caedem
845 1825 943 1900 fugam
966 1824 1078 1900 aliaque
1097 1825 1153 1884 ho·

147 1907 247 1974 astilia
258 1908 442 1984 portendant,
455 1906 563 1966 trustra
578 1911 674 1966 autem
689 1907 742 1966 niti
754 1923 849 1985 neque
865 1907 942 1967 aliud
956 1924 987 1967 se
1002 1906 1153 1982 fatigando
1163 1934 1189 1976 ω

144 2009 162 2058 4
173 1994 228 2052 nisi
239 1991 338 2052 odium
349 2007 492 2068 quaerere
504 1995 650 2050 extremae
662 1989 824 2050 dementiae
836 1996 893 2050 est:
909 1992 963 2050 nisi
976 1990 1051 2051 torte
1063 2008 1154 2070 quem

173 2075 326 2136 inhonesta
342 2080 371 2136 et
384 2074 543 2152 pernitiosa
554 2071 654 2134 lubido
665 2080 746 2135 tenet
759 2075 904 2151 potentiae
918 2092 1081 2154 paucorum
1100 2074 1152 2135 de-

174 2178 226 2221 cus
247 2165 334 2239 atque
350 2158 515 2220 libertatem
536 2176 618 2218 suam
641 2158 805 2234 gratificari.

143 2244 164 2305 4
258 2243 395 2306 Ceterum
416 2261 453 2305 ex
467 2241 530 2304 aliis
544 2243 676 2319 negotiis,
700 2260 774 2321 quae
791 2244 906 2322 ingenio
922 2249 1104 2310 exercentur,
1120 2242 1151 2301 in
1250 2287 1251 2309 ,

148 2330 276 2406 aprimis
290 2344 397 2404 magno
411 2328 477 2388 usui
491 2333 535 2389 est
549 2327 690 2389 memoria
702 2345 804 2388 rerum
821 2334 978 2404 gestarum.
1013 2327 1100 2386 Cuius
1114 2325 1186 2394 deoc

102 2409 105 2416 “
173 2414 280 2472 virtute
302 2413 370 2490 quia
391 2409 474 2470 multi
496 2410 611 2479 dixere,
634 2411 881 2489 praetereundum
901 2418 986 2488 puto,
1006 2408 1092 2470 simul
1113 2427 1151 2469 ne

175 2511 229 2571 per
250 2493 432 2553 insolentiam
451 2488 516 2572 quis
530 2494 684 2554 existumet
700 2502 808 2554 memet
827 2494 955 2554 studium
973 2511 1071 2553 meum
1088 2491 1150 2552 lan-

151 2577 273 2637 artando
294 2575 441 2636 extollere.
486 2576 581 2652 Atque
602 2592 656 2652 ego
672 2576 760 2637 credo
781 2577 845 2638 sore
864 2577 927 2655 qui,
948 2577 1015 2652 quia
1036 2575 1152 2635 decrevi

174 2660 279 2740 procui
295 2657 482 2738 erepublica
497 2664 622 2720 aetatem
638 2674 735 2734 agere,
753 2663 832 2719 terito
847 2665 965 2736 tamque
980 2656 1043 2717 utili
1056 2656 1151 2720 labori

175 2764 241 2806 meo
260 2762 367 2805 nomen
381 2743 502 2804 inertiae
516 2743 669 2818 inponant,
686 2747 765 2803 certe
783 2741 888 2821 quibus
910 2759 1044 2802 maxuma
1065 2741 1150 2802 indu·
1161 2769 1184 2809 ³0

176 2832 246 2891 stria
262 2829 375 2891 videtur
394 2826 519 2887 salutare
532 2825 649 2904 plebem
664 2831 692 2885 et
709 2827 844 2886 conviviis
859 2827 982 2902 gratiam
997 2842 1148 2904 quaerere.

148 2911 231 2982 40ui
248 2915 273 2974 si
293 2912 505 2990 reputaverint,
528 2916 556 2970 et
571 2910 676 2987 quibus
698 2926 753 2986 ego
769 2910 951 2987 temporibus
966 2911 1149 2986 magistratus

175 2996 297 3072 adeptus
312 3013 378 3057 sum
391 2994 491 3074 quates
507 2995 560 3054 viri
574 2993 651 3054 mem
667 2994 786 3072 adsequi
799 2996 991 3073 nequiverint,
1006 2999 1036 3054 et
1049 3001 1147 3071 postea
1210 3059 1219 3078 θ

175 3097 251 3158 quae
278 3096 385 3154 genera
405 3079 557 3140 hominum
584 3079 614 3138 in
636 3083 768 3138 senatum
789 3080 988 3157 pervenerint,
1016 3076 1146 3154 proiecto

176 3160 392 3224 existumabunt
402 3179 449 3222 me
462 3163 555 3240 magis
568 3163 673 3222 merito
688 3178 776 3239 quam
787 3163 899 3238 ignavia
912 3162 1050 3223 iudicium
1061 3161 1146 3221 aniani
1157 3189 1183 3229 35

176 3247 232 3307 mei
249 3246 402 3305 mutavisse
420 3247 571 3326 maiusque
587 3245 773 3306 commodum
790 3263 826 3306 ex
847 3247 905 3306 otio
922 3263 988 3305 moe
1004 3261 1091 3320 quam
1113 3263 1146 3304 ex

150 3331 299 3393 saliorum
310 3329 433 3404 negotiis
442 3331 487 3389 rei
497 3329 631 3407 publicae
640 3335 804 3391 ventmum.
816 3329 890 3390 Nam
901 3345 986 3405 saepe
993 3343 1048 3402 ego
1055 3327 1146 3387 audivi

176 3412 209 3483 0.
222 3413 397 3481 Maxumum,
411 3410 444 3472 P.
458 3411 631 3492 Scipionem,
643 3420 795 3494 praeterea
807 3413 925 3476 civitatis
934 3417 1052 3472 nostrae
1062 3427 1146 3489 prae·
