2536 3936
186 149 227 212 22
307 169 350 210 nn
372 169 543 210 oarrnrusn
566 169 804 212 coulvuarrous
826 169 852 210 c.
875 161 916 213 44.
939 163 981 214 45.
1003 141 1073 215 elli·x
1173 217 1182 226 ,

189 315 275 386 alitor
295 318 366 378 haut
387 316 470 377 facile
496 335 547 377 eos
577 315 613 377 ad
641 322 752 374 tantum
773 318 922 392 negotium
943 315 1041 394 inpelli
1065 333 1166 392 posse.

162 410 178 458 2
192 400 291 462 Ceteri
304 399 377 460 nibil
391 399 663 478 suspicantesdant,
680 397 793 458 Cassius
807 407 899 461 semet
914 419 948 461 eo
964 399 1047 461 brevi
1061 407 1167 462 ventu·

126 539 129 548 ,
190 503 258 544 rum
279 481 432 560 pollicetur
451 502 484 543 ac
503 483 590 560 paulo
607 489 673 542 ante
686 481 797 558 legatos
814 503 850 544 ex
864 484 939 546 urbe
958 483 1166 561 proficiscitur.

48 571 56 585 ’
160 567 333 630 3Lentulus
357 585 424 628 cum
451 569 492 626 eis
510 567 544 628 T.
567 566 746 628 Volturcium
768 567 914 645 quendam
944 567 1167 628 Crotoniensem

159 671 161 678 ’
188 653 283 720 mittit,
298 657 331 713 ut
345 648 516 726 Allobroges
530 652 612 728 prius
623 668 710 728 quam
724 649 842 720 domum
856 653 1014 729 pergerem
1028 667 1096 711 cum
1109 649 1189 712 Cer-⁵

159 734 269 802 arilina
289 735 355 795 data
372 739 458 810 atque
472 740 590 811 accepta
604 735 661 794 ilde
676 735 840 794 societatem
858 736 1071 794 confirmarent.
1097 732 1166 810 lpse

190 818 337 879 Volturcio
353 815 464 878 litteras
478 817 514 878 ad
527 817 677 878 Catilinam
692 817 748 886 dat,
766 835 889 897 quarum
906 817 1071 897 exemplum
1088 815 1166 877 inira

190 903 332 976 scriptum
353 906 411 960 est:
423 901 515 982 “Quis
530 903 594 971 sim,
617 919 652 961 ex
668 919 703 961 eo
719 919 807 978 quem
821 902 858 961 ad
871 908 900 962 te
914 903 979 961 misi
994 917 1164 976 cognosces,

162 984 249 1045 abac
271 981 396 1060 cogites,
416 986 446 1044 in
464 991 570 1063 manta
588 985 748 1044 calamitate
766 987 820 1054 sis,
843 992 872 1046 et
890 987 1106 1047 meminorisite
1121 985 1167 1043 vi-

187 1084 255 1126 rum
272 1085 351 1128 esse:
370 1069 621 1148 consideresquid'
631 1075 697 1128 tuae
708 1070 835 1130 rationes
849 1069 1009 1146 postrdent:
1025 1065 1200 1126 auxiliumro

161 1156 270 1227 epotas
284 1150 321 1211 ab
336 1151 480 1220 omnibus,
498 1155 584 1213 ctiam
598 1151 635 1212 ab
646 1151 769 1211 intimis’.
790 1153 834 1212 Ad
849 1153 906 1212 boc
916 1151 1051 1212 mandata
1065 1149 1164 1210 verbis

189 1235 252 1294 dat:
271 1245 347 1295 ‘oum
361 1235 398 1296 ab
413 1242 515 1296 senatu
525 1235 766 1296 hostisiudicatus
778 1237 822 1304 sit
839 1253 897 1314 quo
912 1235 1031 1296 consilio
1047 1234 1164 1294 serutia

188 1319 339 1395 repudiet?
360 1321 389 1378 in
409 1318 483 1379 urbe
504 1325 604 1396 parata
619 1336 682 1379 esse
703 1337 777 1396 quae
795 1321 926 1380 iusserit:
952 1336 990 1380 ne
1009 1323 1163 1379 cunctetur

137 1398 178 1458 45
189 1403 250 1478 ipse
261 1404 383 1479 propius
397 1403 558 1464 adsedere’.
589 1402 641 1462 llis
653 1401 742 1462 rebus
758 1404 891 1472 iterantis,
906 1405 1060 1463 constituta
1075 1408 1162 1461 nocte

185 1502 244 1562 oua
263 1486 527 1563 proficiscerentur,
549 1486 652 1547 Cicero
669 1503 723 1563 per
739 1486 849 1563 legatos
868 1495 972 1548 cuncta
992 1487 1117 1548 edoctus
1128 1484 1162 1544 L.
1175 1497 1202 1536 1⁵

187 1567 300 1630 Valerio
322 1569 427 1632 Flacco
448 1577 477 1632 et
494 1570 705 1649 C.·Pomptino
724 1571 907 1648 praetoribus
928 1572 1056 1648 inperat,
1079 1575 1112 1628 ut
1132 1570 1165 1628 iu

131 1676 138 1686 ’
187 1660 275 1730 ponte
290 1653 396 1716 Mulvio
411 1672 465 1733 per
479 1656 596 1716 iusidias
623 1654 813 1732 Allobrogum
835 1657 986 1716 comitatus
999 1652 1162 1732 depreben-

186 1738 272 1798 dant:
289 1755 353 1799 rem
370 1757 486 1800 omnem
501 1742 604 1815 aperit,
620 1741 702 1800 ouius
715 1741 813 1814 'gratia
829 1738 1032 1799 mittebantur:
1054 1744 1187 1812 cetera„
1250 1807 1251 1814 ἵ

161 1823 230 1880 auti
245 1820 321 1880 lacto
341 1838 414 1896 opus
428 1823 473 1888 sit,
495 1823 534 1880 ita
555 1828 642 1896 agant
656 1823 803 1896 permittit.
839 1821 891 1889 llli,
912 1821 1045 1878 homiues
1057 1818 1162 1878 milita·
1250 1821 1251 1862 ἶ

125 1893 129 1900 ’
188 1919 246 1969 res,
261 1903 323 1962 siue
333 1901 459 1963 tumrdtu
469 1904 620 1978 praesidiis
633 1902 790 1962 conlocatis
804 1903 888 1962 sicuti
898 1908 1086 1981 praeceptum
1100 1906 1164 1959 erat
1176 1917 1205 1958 ao
1250 1873 1251 1925 ¹

164 1983 301 2046 saecuto
321 1991 441 2061 pontem
455 1985 601 2045 obsidunt.
635 1984 792 2062 Postquam
806 1985 843 2044 ad
862 1985 892 2045 id
908 1983 965 2044 loci
988 1983 1075 2062 legati
1095 2001 1172 2044 cum·
1249 2031 1250 2048 t

189 2066 335 2128 Volturcio
350 2085 457 2129 venere
468 2076 497 2129 et
511 2069 596 2129 simul
609 2070 756 2146 utrimque
770 2068 880 2128 clamor
890 2075 1009 2129 exortus
1021 2075 1072 2137 est,
1089 2066 1163 2129 Calli

140 2153 247 2215 ttcito
262 2154 378 2229 cognito
393 2152 512 2228 consilio
527 2153 590 2214 sine
604 2169 687 2214 mora
700 2151 884 2230 praetoribus
899 2171 930 2213 se
947 2152 1072 2213 tradunt.
1096 2149 1163 2210 Vol-

188 2236 300 2298 turcius
312 2238 408 2316 primo
422 2238 591 2299 cohortatus
603 2244 718 2298 ceteros
732 2235 828 2314 gladio
842 2253 874 2297 se
886 2256 903 2297 a
914 2235 1096 2297 multitudine
1110 2235 1167 2312 de,

189 2320 290 2388 tendit,
313 2321 417 2383 deinde
432 2321 514 2383 ubia
528 2321 629 2400 legatis
645 2322 777 2382 desertus
791 2327 843 2391 est,
859 2321 949 2382 multa
969 2322 1051 2398 prius
1065 2320 1101 2380 de
1114 2335 1161 2378 sa·
1171 2331 1199 2372 ²⁵

188 2403 248 2462 lute
262 2420 314 2462 sua
325 2403 510 2480 Pomptinum
523 2405 692 2473 obtestatus,
705 2405 783 2483 quod
793 2407 821 2466 ei
830 2411 917 2466 notus
926 2412 997 2472 erat,
1013 2411 1161 2481 postremo

86 2556 91 2562 ⁶
188 2484 306 2626 {liuidus
322 2502 362 2544 ac
383 2487 456 2545 ritae
478 2487 612 2546 diflidens
633 2489 711 2548 velut
739 2487 871 2548 hostibus
891 2505 956 2548 sese
976 2485 1162 2561 praetoribus

136 2649 179 2712 46
272 2649 383 2721 Quibus
396 2650 486 2713 rebus
499 2650 638 2712 conlectis
652 2653 748 2712 omnia
758 2667 885 2728 propere
895 2668 949 2727 per
960 2651 1077 2710 nuntios
1091 2667 1161 2709 con·
1247 2665 1248 2739 ᾗ

162 2734 244 2799 nsuli
257 2734 449 2796 declarantur.
485 2735 523 2796 tt
543 2730 624 2797 illum
645 2735 747 2810 ingens
764 2751 836 2794 cura
850 2739 938 2811 atque
955 2732 1061 2794 laetitia
1075 2733 1161 2793 simul
1171 2749 1198 2791 so

188 2837 382 2897 occupavere:
404 2835 472 2878 nam
491 2817 654 2878 laetabatur
673 2816 843 2894 intellegens
865 2818 1062 2878 coniurah'one
1080 2824 1161 2894 pate:

188 2903 263 2964 taeta
277 2905 420 2965 civitatem
432 2899 569 2978 periodis
583 2907 713 2978 ereptam
733 2917 813 2971 esse,
835 2913 926 2978 porro
946 2907 1044 2968 autem
1058 2902 1160 2960 anxius

188 2991 251 3045 erat
271 2987 449 3048 obtunsio
464 3003 599 3046 maxumo
613 2983 724 3046 scelere
741 2986 827 3044 tantis
845 2984 954 3046 civibus
971 2983 1160 3062 deprebensis

188 3067 258 3148 quid
278 3067 354 3128 iacto
369 3087 443 3147 opus
464 3076 555 3130 esset:
579 3085 703 3146 poenam
719 3068 835 3128 illorum
858 3068 913 3128 sibi
933 3071 1024 3136 oneri,
1046 3066 1159 3142 inpuni-

162 3157 276 3213 3tatem
296 3153 464 3228 perdundae
478 3156 522 3214 rei
537 3151 671 3230 publioae
688 3152 750 3212 lore
774 3152 920 3212 credebat.
941 3151 1033 3230 Igitur
1053 3147 1196 3208 confir-as
1245 3197 1246 3208 ,

189 3245 266 3297 mato
281 3237 376 3295 annno
393 3239 491 3296 vocari
505 3237 541 3297 ad
554 3253 618 3297 sese
635 3235 715 3296 iubet
729 3235 899 3306 Lenurlum„
909 3235 1078 3316 Cethegum,
1095 3230 1157 3290 Sta·
1245 3213 1246 3283 l

188 3320 289 3402 tilium,
306 3317 469 3386 Gabinium.
482 3322 609 3399 itemque
626 3319 771 3397 quendam
786 3318 957 3399 Caeparium
969 3316 1158 3378 Tarracineu·
1209 3383 1216 3392 ,
1244 3381 1245 3390 ἢ

189 3419 260 3471 sem,
277 3400 508 3484 quiindpulipm
519 3405 555 3466 ad
567 3404 737 3466 concitanda
748 3405 861 3466 servitia
871 3401 1017 3480 proticisci
1029 3398 1158 3476 parabat.
1244 3451 1245 3464 ,

1244 3519 1245 3553 l
