2548 3930
296 204 338 243 nn
360 202 462 244 nanno
485 201 685 245 tvuvn'rutuo
710 202 739 244 ι.
761 193 805 248 ιι.
825 195 868 248 29.
887 196 929 250 30.
1058 187 1097 247 55

123 356 154 412 et
166 349 266 413 habitu
279 367 370 428 supra
383 351 617 412 memoravimus.
646 351 744 412 Nam
736 369 766 411 ιιι
776 351 897 412 consule
911 360 1012 414 nostro
1024 353 1100 413 mni·
1111 365 1127 416 a

123 441 170 496 tae
182 435 337 514 bonaeque
351 440 430 494 artes
442 433 530 496 animi
545 439 574 495 et
588 437 720 516 corporis
736 441 827 505 mant,
842 453 914 514 quas
930 437 1024 498 omnis
1034 451 1100 498 ava·

123 520 188 580 ritia
202 516 426 601 praepediebat.
439 519 551 595 patiens
565 518 709 588 laborum,
725 513 808 580 acri
800 521 926 598 ingenio,
952 523 1022 590 satis
1032 535 1100 610 pro·

72 657 80 666 ι
123 602 233 671 videns,
256 597 325 662 belli
345 599 446 662 haut
438 619 566 680 ignarus,
584 603 779 669 firmissumus
802 610 903 664 contra
921 601 1060 682 pericula
1073 611 1103 664 et

72 687 252 767 νιιιιιιιιιι
295 685 346 746 Set
365 685 496 762 legiones
513 704 568 784 per
582 686 693 749 ltaliam
707 686 847 764 Regium,
871 693 957 767 atque
971 689 1039 750 inde
1058 687 1129 750 Sic

95 769 229 839 ciliam
248 776 339 848 porro
355 787 392 831 ea
409 769 527 832 Sicilia
519 789 548 831 ιιι
563 771 691 832 Αιιιιιιι
710 777 898 832 transvectio
931 773 1023 850 igitur
1036 767 1128 832 Gal-7

124 855 249 940 purnius
262 854 342 913 initio
358 855 467 931 paratis
482 855 681 915 conmeatibus
696 857 801 916 acriter
810 855 999 918 Numidiam
991 871 1104 934 ingras-

125 953 175 998 tus
190 935 234 998 est
247 925 412 1016 multosque
426 938 558 998 mortalis
572 945 601 998 et
617 939 700 999 urbis
716 938 824 1016 aliquot
836 940 1009 1022 pugnando
1017 941 1102 1017 cepit.
1166 996 1170 1014 ,

126 1021 178 1081 Set
188 1021 240 1083 ribi
253 1021 394 1098 Iugurtha
403 1033 458 1098 pet
471 1021 582 1098 legatos
592 1024 716 1099 pecunia
726 1030 869 1100 temptare
879 1009 1015 1103 bellique,
1026 1023 1104 1103 quod
1114 1021 1154 1084 29

91 1105 355 1173 coadministrabet,
374 1105 560 1183 asperitatem
578 1106 733 1168 ostendere
749 1107 859 1184 coepit,
881 1109 996 1168 animus
1016 1119 1105 1184 aeger

126 1190 245 1252 avaritia
260 1187 345 1250 iacile
360 1203 521 1251 murorum
541 1197 594 1250 cst.
630 1189 767 1250 Ceterum
781 1191 877 1251 socius
892 1196 921 1250 tt
938 1191 1131 1252 administera

126 1274 256 1332 omnium
274 1271 462 1333 consiliorum
477 1273 639 1351 adsumitur
649 1275 792 1342 Scaurus,
805 1275 855 1353 qui
865 1276 980 1334 tametsi
994 1287 1011 1335 a
1026 1276 1106 1353 prin·

127 1357 202 1434 cipio
217 1356 365 1436 plerisque
386 1376 423 1418 ιιι
444 1356 569 1418 faotione
584 1360 646 1419 eius
662 1360 813 1436 corruptis
832 1373 987 1419 acerrume
1005 1375 1108 1436 regem
1126 1373 1129 1382 ’

126 1441 348 1517 impugnaverat,
363 1446 460 1500 tamen
473 1443 671 1520 magnitudine
686 1444 828 1520 pecuniae
845 1441 958 1502 abono
969 1442 1106 1503 bonesto-

91 1549 118 1590 ιι
129 1541 187 1602 que
201 1525 232 1584 in
248 1540 372 1602 pravom
390 1522 554 1586 abstractus
571 1533 625 1586 ast.
657 1526 708 1586 Set
721 1525 863 1602 Iugurtha
876 1528 973 1604 primo
993 1533 1132 1588 tantuma
1164 1526 1168 1536 ’

127 1607 216 1670 modo
232 1606 303 1668 belli
318 1621 432 1669 moram
445 1607 623 1677 redimebat,
640 1609 817 1668 existumans
832 1623 897 1670 sese
913 1609 1020 1687 aliquid
1034 1613 1108 1670 inte

128 1693 186 1752 ιιιιι
199 1691 311 1750 Romae
328 1692 422 1768 pretio
438 1697 489 1751 aut
503 1693 594 1774 gratia
610 1691 796 1751 effectuum:
819 1697 920 1769 postea
934 1705 1004 1754 vero
1020 1707 1109 1772 quam

123 1776 302 1854 ‘participem
319 1775 418 1850 negoti
435 1773 581 1836 Scaurum
596 1775 716 1852 accepit,
730 1775 760 1834 in
773 1787 940 1838 maxumam
958 1789 1047 1860 spem
1057 1777 1108 1837 ad·

130 1857 236 1919 ductus
257 1859 479 1936 recuperandae
500 1859 597 1936 pacis,
627 1861 726 1918 statuit
742 1874 820 1926 cum
846 1860 887 1920 cis
915 1861 952 1922 de
974 1861 1109 1921 omnibus

93 1940 314 2022 suspectionibus
335 1958 476 2020 praesens
494 1959 591 2018 agere.
638 1940 773 2003 Ceterum
793 1944 906 2005 interea
924 1940 993 2006 tidal
1007 1949 1149 2006 caussas

128 2027 253 2088 mittitur
275 2043 292 2084 a
313 2025 433 2087 consule
451 2026 566 2087 Sextius
587 2032 726 2108 quaestor
748 2029 778 2087 ιιι
797 2029 938 2106 oppidum
952 2021 1110 2112 iugurthae

123 2110 269 2190 iaceam:
298 2111 382 2172 errius
401 2111 446 2170 rei
467 2113 581 2190 species
608 2117 672 2170 erat
694 2108 824 2188 acceptio
849 2105 1004 2181 immenti,
1032 2113 1111 2190 quod

130 2193 306 2272 Calpurnius
324 2193 420 2272 palam
441 2194 543 2272 legatis
568 2193 767 2271 imperaverat,
799 2197 935 2272 quoniam
958 2195 1111 2255 deditionis

130 2293 214 2338 mora
230 2277 364 2340 induciae
379 2277 571 2354 agitabantur.
604 2277 697 2354 igitur
710 2293 778 2346 rex,
802 2279 844 2337 uti
863 2279 1062 2346 constituerat,
1079 2279 1136 2338 irrb

96 2367 227 2424 secastra
244 2363 322 2442 venit
338 2379 372 2421 ac
392 2379 486 2439 pauca
506 2361 653 2439 praesenti
674 2357 794 2420 consilio
812 2358 927 2421 locutus
948 2359 985 2422 de
1003 2361 1112 2424 invidia

131 2428 201 2506 lacti
215 2446 261 2506 sui
282 2433 369 2523 atque
390 2447 462 2505 uti
454 2463 484 2504 m
503 2444 680 2506 deditionem
697 2445 894 2522 acciperetur,
918 2445 1029 2508 relicua
1044 2463 1113 2508 cum

132 2527 229 2590 Bestia
251 2535 279 2588 et
300 2529 411 2590 Scauro
433 2533 547 2589 secreta
566 2521 713 2606 transigit:
737 2527 803 2588 dein
825 2535 945 2608 postero
961 2525 1008 2594 die
1029 2535 1113 2612 qnasi

41 2625 43 2632 ’
131 2629 187 2692 per
207 2619 337 2673 saturam
362 2613 512 2674 sententiis
534 2613 682 2692 exquisitis
704 2615 735 2672 in
743 2613 932 2678 deditionem
960 2618 1201 2694 accipitur..

134 2697 200 2766 Set,
213 2699 256 2757 uti
271 2715 326 2775 pro
344 2697 465 2758 consilio
480 2699 645 2776 inparatum
665 2702 736 2768 erat,
752 2699 898 2776 elephanti
917 2701 1043 2778 triginta,
1060 2714 1112 2778 pe·
1100 2702 1139 2753 -6

98 2803 125 2845 ιι
134 2799 199 2842 ιιι
203 2787 291 2858 atque
313 2782 382 2860 equi
400 2780 483 2844 multi
498 2799 565 2842 cum
579 2795 670 2859 parvo
691 2785 804 2860 argenti
817 2783 949 2861 pondere
966 2785 1113 2860 quaestori

134 2865 301 2926 traduntur
349 2863 522 2943 Calpurnius
548 2863 672 2926 Romam
697 2866 734 2926 ad
759 2868 944 2944 magistratus
965 2863 1138 2941 rogandost

135 2933 338 3026 prodcis'citur.
365 2948 398 3010 ln
409 2949 543 3010 Numidia
563 2955 592 3009 ιι
607 2951 737 3011 exercitu
750 2956 851 3008 nostro
864 2962 920 3024 pax
939 2947 1111 3026 agitabatur.

218 3030 377 3118 Postquam
395 3051 444 3095 res
464 3035 495 3094 in
512 3033 607 3094 Africa
627 3040 723 3110 gestas
737 3049 853 3130 qnoque
870 3031 957 3092 modo
972 3039 1054 3095 actae
1069 3034 1113 3096 io·
1123 3030 1163 3091 30

135 3122 203 3178 rent
218 3110 296 3175 lama
316 3115 485 3194 divulgarit,
503 3117 613 3179 Romae
633 3133 688 3196 per
707 3117 801 3176 omnis
816 3114 897 3176 locos
912 3123 941 3178 et
955 3127 1113 3180 conventus

100 3201 173 3263 ude
185 3199 263 3260 tacto
279 3199 528 3276 ooasnlisagitari.
550 3201 635 3279 Apud
649 3199 766 3279 plebem
781 3201 877 3276 gravis
887 3198 1002 3272 invidia,
1014 3209 1153 3280 patres

137 3283 251 3346 soliciti
272 3290 370 3344 erant:
390 3283 589 3362 probarentne
607 3291 719 3345 tantum
739 3281 880 3361 uagatum
901 3300 939 3345 an
961 3287 1113 3346 decretum
1188 3347 1191 3352 ,

138 3351 272 3428 consulis
285 3367 493 3431 subverterent
512 3383 619 3449 parum
640 3366 800 3430 constabat.
842 3369 883 3430 Ac
903 3385 1039 3436 maxume
1061 3373 1138 3429 cosa

136 3453 266 3530 petentia
281 3449 392 3526 Scauri,
416 3453 492 3531 quod
512 3456 537 3513 ιι
553 3457 654 3542 auctor
672 3457 701 3512 ιι
716 3454 812 3514 ιοιιιι
826 3451 940 3514 Βιιιιιι
954 3449 1113 3520 terebatur,
