2536 3936
265 211 308 250 ns
330 211 432 253 anano
457 211 657 255 rvovnnaano
680 211 706 252 o.
731 203 833 258 11-12.
857 205 897 258 13.
1025 195 1065 254 43

92 357 199 420 soindi:
221 375 289 418 uam
308 375 362 436 per
376 376 410 418 ea
429 365 559 437 tempora
574 359 738 420 eouieotum
753 361 835 420 aunis
852 357 999 438 Micipsam
1015 377 1066 438 pa-

91 459 158 500 rum
173 441 269 501 animo
291 441 424 502 valuisse.
458 441 532 502 Thm
555 441 632 502 idem
649 442 795 521 Hiempsal
810 441 926 521 plaeere
947 443 1002 503 sibi
1018 453 1094 504 reo

91 524 222 600 spondit:
244 542 314 584 nam
329 526 424 603 ipsum
445 523 527 586 illum
547 524 650 586 tribus·
658 527 809 604 proxumis
830 528 913 586 annis
934 526 1067 606 [adopta-

92 606 184 686 tione]
204 609 234 666 iu
255 625 380 686 regnum
401 611 576 686 pervenisse.
609 609 692 680 Quod
709 609 832 670 verbum
853 611 883 669 in
903 615 1006 688 peetus
1020 605 1092 673 lu·7

66 689 217 766 sgurthae
236 691 321 752 altius
335 709 422 771 quam
437 694 591 771 quisquam
604 697 686 752 ratus
698 699 761 772 erat
777 692 934 753 deseendit.
967 691 1093 770 ltaquee

92 792 129 834 ex
151 791 187 834 eo
204 779 338 852 tempore
359 776 402 836 ira
424 783 454 837 et
474 783 554 837 metu
575 777 677 836 anxius
691 775 786 836 moliri
806 793 913 856 parare
928 781 1014 854 atque
1033 793 1067 835 ea

91 858 179 918 modo
195 875 262 919 oum
277 860 374 919 animo
388 859 499 920 habere
518 859 622 937 quibus
636 859 783 939 Hiempsal
797 877 850 938 per
865 857 964 920 dolum
982 875 1067 938 eape-

91 946 182 1000 retur.
227 943 308 1013 Quae
329 943 379 1003 ubi
400 943 511 1003 tardius
529 942 694 1020 procedunt
709 941 805 1020 neone
826 942 933 1004 lenitur
954 943 1068 1004 animus
1092 991 1095 998 .

93 1023 186 1093 teron,
206 1027 304 1086 statuit
325 1028 427 1105 quovis
445 1027 533 1086 modo
554 1029 703 1104 inceptum
723 1027 875 1104 pertinere.

53 1131 82 1172 m
176 1107 274 1169 Primo
297 1116 455 1180 conventu,
479 1127 566 1188 quem
586 1109 623 1170 ab
644 1108 753 1186 regulis
773 1109 882 1171 factum
900 1125 988 1187 supra
1006 1127 1067 1169 me·
1080 1105 1118 1166 12

93 1193 217 1261 morari,
246 1200 368 1271 propter
390 1193 599 1254 dissensionem
618 1193 767 1272 placuerat
788 1193 875 1254 dividi
895 1192 1069 1254 thensauros

91 1276 215 1354 iiuisque
229 1277 324 1354 inperi
338 1276 459 1354 singulis
482 1279 635 1338 constitui:
654 1277 754 1355 ltaque
773 1283 888 1355 tempus
908 1277 945 1336 ad
958 1283 1095 1337 utram-2

92 1377 150 1437 que
169 1377 233 1418 rem
251 1360 430 1430 decernitur,
450 1369 495 1422 set
508 1363 650 1422 maturius
665 1361 703 1422 ad
723 1363 877 1438 pecuniam
894 1360 1068 1421 distribuen-

93 1442 170 1502 dam.
203 1441 308 1518 Reguli
321 1445 433 1504 interea
450 1444 559 1506 inlooa
570 1445 733 1523 propinqua
746 1445 912 1504 thensauris
925 1443 998 1504 alius
1013 1442 1068 1504 alio
1139 1501 1141 1508 .

54 1542 274 1587 inconcessere.
319 1525 370 1587 Set
391 1526 540 1604 Hiempsal
560 1529 590 1587 iu
611 1527 718 1605 oppido
739 1527 888 1587 Thirmida
909 1527 985 1586 torte
1007 1528 1095 1588 eiust-t

91 1609 180 1668 domo
199 1608 346 1678 utebatur,
368 1610 419 1687 qui
430 1626 591 1686 proxumus
601 1608 686 1668 lictor
696 1609 853 1685 iugurthae
866 1625 951 1669 sarus
965 1625 1067 1684 aceep-

91 1699 198 1769 tusque
212 1693 239 1752 ei
253 1709 371 1770 semper
383 1693 487 1752 fuerat.
504 1693 598 1763 Quem
612 1690 660 1751 ille
678 1709 747 1751 easu
760 1693 925 1752 ministrum
939 1690 1069 1751 oblatum

91 1775 244 1852 promissis
266 1781 369 1835 onmat
390 1773 573 1854 impellitque,
598 1776 640 1835 uti
659 1771 806 1854 umquam
827 1791 879 1834 sua
900 1776 996 1834 risam
1017 1773 1069 1833 do·

91 1875 174 1918 muru
189 1864 244 1927 eat,
260 1865 413 1937 portarum
429 1858 515 1919 elaris
536 1857 712 1920 adulterinas
730 1865 814 1936 paret
837 1891 872 1902 -
896 1868 965 1918 uam
982 1875 1069 1918 verae

55 1941 131 2004 aoad
148 1941 342 2018 Hiempsalem
360 1942 564 2004 reserebantur
583 1975 636 2010 -,
666 1949 812 2011 aeterum,
836 1941 887 2002 uhi
907 1959 955 2002 res
968 1948 1068 2020 postu-

94 2024 178 2092 laret,
195 2026 335 2105 seipsum
351 2044 418 2086 eum
434 2043 539 2103 magna
554 2042 643 2086 mauu
656 2033 820 2087 venturum.
850 2025 973 2087 Numida
987 2035 1095 2085 man-4

95 2109 161 2168 data
182 2108 264 2170 brevi
284 2110 400 2170 confiuit
422 2115 517 2188 atque,
533 2112 576 2170 uti
598 2110 700 2170 doetus
715 2115 787 2177 erat,
807 2115 896 2168 noetu
912 2108 1069 2183 lagauthae

93 2189 199 2252 milites
219 2193 387 2253 iutroduoit.
411 2192 466 2262 Qui
481 2199 635 2271 postquam
656 2195 686 2252 in
703 2192 783 2253 aedis
798 2194 946 2267 inrupere,
965 2191 1097 2250 divorsis

92 2289 196 2350 regem
215 2291 373 2352 quaerere,
399 2275 570 2334 dormientis
588 2273 745 2335 aliosalios
763 2274 943 2333 occursantis
960 2271 1069 2332 interfi-

55 2377 83 2416 ιι
93 2375 171 2424 oere,
195 2359 319 2416 sommi
333 2355 397 2416 loca
414 2356 519 2425 abdita,
541 2357 637 2417 clausa
659 2357 823 2433 effringere,
840 2356 962 2434 strepitu
976 2361 1005 2415 et
1024 2361 1069 2414 tu·

91 2440 187 2502 multu
202 2441 450 2500 omniamiseere:
472 2457 539 2500 oum
559 2441 675 2500 interim
691 2437 838 2518 Hiempsal
852 2440 999 2516 reperitur
1021 2455 1069 2498 oe·

94 2522 209 2584 cultam
223 2540 255 2583 se
274 2521 332 2602 [iu]
348 2525 467 2600 tugurio
482 2523 612 2584 mulieris
626 2522 759 2592 aneiNae,
777 2540 835 2601 quo
852 2523 933 2583 initio
951 2523 1070 2603 pavidus

93 2615 124 2668 et
143 2608 262 2684 ignarus
278 2607 335 2668 loei
351 2608 530 2687 perfugerat.
574 2606 715 2668 Numidae
736 2614 823 2685 eaput
844 2608 920 2675 eius,
943 2607 985 2666 uti
1001 2607 1070 2666 iussi

93 2697 192 2759 erant,
215 2691 251 2751 ad
272 2690 443 2768 iugurtham
463 2690 605 2752 referunt.

44 2763 83 2836 'ao
179 2773 315 2835 Ceterum
332 2775 408 2836 lama
419 2777 492 2836 tanti
503 2774 640 2834 iocinoris
651 2791 705 2852 per
718 2790 835 2834 omnem
850 2773 978 2834 birieam
993 2771 1074 2831 brevi
1083 2770 1120 2833 13

93 2855 273 2933 divulgatur:
284 2857 490 2919 ¹Adherbalem
504 2859 656 2936 omnisque
674 2859 724 2936 qui
737 2855 793 2918 sub
807 2857 921 2934 inperio
935 2854 1071 2932 hlioipsae

92 2942 211 3001 fuerant
234 2946 329 3001 metus
347 2941 469 3002 invadit:
492 2941 610 3001 induas
628 2943 719 3019 partis
741 2939 894 3000 discedunt
913 2936 1071 2998 Numidae:

92 3023 194 3104 plures
207 3022 401 3084 Adherbalem
415 3031 563 3092 secuntur,
584 3031 628 3084 set
638 3024 726 3084 illum
741 3022 864 3083 alterum
879 3020 956 3082 heho
971 3020 1070 3081 melio-

94 3125 152 3168 res.
195 3105 287 3183 lgitur
306 3104 446 3184 Iugurtha
462 3125 549 3186 quam
568 3125 719 3169 maxumas
733 3112 829 3185 potest
849 3107 947 3182 copias
968 3112 1097 3172 armate

58 3191 177 3253 siurbis
197 3191 304 3268 partim
326 3190 362 3258 vi,
383 3189 453 3250 alias
472 3192 621 3253 voluntate
638 3192 751 3270 inperio
769 3207 823 3250 suo
838 3189 976 3264 adiungit,
992 3189 1072 3247 omni

96 3273 247 3335 Numidiae
262 3274 398 3351 inperare
412 3281 504 3351 parat.
527 3273 684 3343 Adherbal,
702 3275 816 3335 umetsi
829 3271 952 3333 Romam
962 3270 1099 3346 legatoss

97 3357 231 3426 miserat,
254 3359 304 3435 qui
325 3363 458 3418 senatum
480 3359 620 3418 dooereut
634 3357 671 3418 de
686 3358 775 3418 caede
790 3357 887 3417 fratris
902 3362 932 3415 et
948 3354 1071 3413 iortuuis

96 3443 171 3510 suis,
191 3447 288 3500 umen
305 3442 398 3502 iretus
411 3441 594 3504 multitudiue
615 3441 738 3503 militum
758 3440 881 3522 parabat
894 3438 984 3498 armis
1001 3453 1072 3498 oon·
1128 3436 1131 3524 ξ
