2548 3930
46 141 48 150 ’
68 193 72 208 ,
183 132 224 195 62
379 153 554 195 Ι13311133
575 127 774 194 1131111113
797 151 825 194 3.
844 143 886 222 38.
904 143 947 198 39.

96 325 103 338 ·
182 303 352 378 intempesta
365 306 450 361 13313
468 298 504 360 de
514 300 666 376 ‚inproviso
681 299 863 361 multitudine
882 298 1072 377 Numidarum
1087 298 1155 359 nuli

156 391 276 444 boastra
298 385 493 457 circumvenit.
536 381 639 443 Milites
659 382 797 453 Romani,
817 381 944 460 perculsi
963 381 1089 442 tumultu
1108 383 1154 441 in·

182 467 280 536 solito,
303 486 384 529 arma
403 485 507 544 capere
525 465 585 535 alii,
609 466 656 527 elii
672 485 703 526 se
722 467 844 534 abdere,
867 483 935 544 pars
949 467 1065 526 territos
1082 483 1152 524 con·

181 551 314 619 firmare,
336 552 483 629 trepidare
505 549 638 611 omnibus
651 550 736 611 locis:
759 552 800 610 vis
814 553 919 626 magna
935 549 1069 615 hostium,
1086 566 1153 608 cae-

182 633 241 695 lum
263 641 349 697 noete
370 642 456 712 atque
477 632 604 694 nubibus
621 633 823 700 obscuratum,
846 631 1008 710 periculum
1030 649 1179 708 aucepsze

156 724 173 776 o
181 724 330 795 postremo
343 719 446 796 lugere
463 734 500 776 an
512 727 632 779 manere
645 719 736 778 tutius
746 717 821 777 13131
836 716 866 776 in
881 718 992 776 incerto
1007 721 1077 775 erat.
1102 715 1154 775 Set

182 821 218 862 ex
238 819 418 869 3311111313,
440 818 513 878 quos
533 800 620 878 paulo
634 806 875 877 anteconruptos
895 798 1028 867 diximus,
1046 797 1154 858 cohors

181 902 239 946 una
250 886 389 965 Ligurum
404 902 471 945 cum
487 883 600 944 duabus
614 886 717 968 turmis
731 883 877 944 Thracum
892 889 920 943 et
934 884 1033 959 paucis
1048 898 1153 958 grega-

181 970 237 1030 riis*
243 967 380 1028 militibus
395 969 535 1028 transiere
551 969 587 1028 ad
598 985 714 1045 regem,
739 974 767 1028 et
779 968 909 1028 centurio
923 967 1008 1044 primi
1023 965 1073 1043 pili
1092 971 1153 1024 ter·

180 1053 236 1111 tiae
255 1050 375 1128 legionis
395 1069 449 1130 per
469 1053 667 1120 munitionem,
686 1049 1191 1130 311131111313113131333313-13

180 1142 239 1203 rat,
255 1134 352 1196 locum
368 1135 499 1216 hostibus
512 1136 678 1196 introeundi
691 1134 778 1203 dedit,
795 1133 1039 1211 333131111111113
1056 1133 1154 1192 cuncti

157 1219 328 1296 tinrupere.
359 1219 456 1279 Nostri
472 1218 554 1278 foeda
569 1219 652 1294 fuga,
675 1218 807 1295 plerique
823 1216 940 1277 abiectis
959 1217 1059 1284 armis,
1081 1233 1152 1292 pro-

99 1369 103 1378 ,
157 1313 303 1363 81111111
324 1299 427 1362 collem
450 1318 637 1377 occupavere.
678 1300 741 1361 Nox
763 1299 849 1378 atque
865 1300 973 1378 praeda
989 1307 1152 1376 castrorum

155 1385 285 1452 obustis,
302 1387 470 1462 quominus
485 1386 601 1446 victoria
612 1390 774 1454 uterentur,
787 1390 932 1452 remorata
947 1391 1022 1444 sunt.
1041 1382 1152 1444 Deinde

181 1466 321 1544 Iugurtha
341 1475 459 1546 postero
481 1468 527 1530 die
549 1486 613 1528 curn
636 1467 709 1529 'Aulo
731 1469 761 1529 in
784 1466 935 1548 conloquio
957 1467 1045 1542 verba
1067 1466 1151 1526 lacit:
1164 1485 1188 1525 rs

181 1554 294 1612 tametsi
307 1554 403 1630 ipsum
418 1570 484 1614 cum
499 1545 629 1613 exercitu
644 1553 723 1614 fame
735 1559 765 1613 et
784 1552 863 1612 13113
883 1552 1011 1613 clausurn
1025 1556 1151 1619 teneret,

160 1642 278 1696 'tamen
299 1654 331 1696 se
352 1653 511 1700 memorem
532 1635 725 1697 humanarum
746 1654 860 1705 rerum,
883 1637 906 1696 si
928 1653 1027 1696 secum
1048 1635 1153 1694 foedus

182 1719 305 1788 laceret,
325 1717 477 1781 incolumis
496 1722 590 1780 omnis
608 1720 662 1780 sub
683 1723 784 1796 iugum
805 1721 976 1781 missurum:
998 1726 1152 1797 praeterea

143 1805 226 1862 10uti
247 1802 349 1863 diebus
381 1804 481 1864 decem
502 1803 635 1864 Numidia
661 1804 824 1865 decederet.
868 1804 947 1875 Quae
975 1819 1152 1881 quamquam

181 1887 278 1960 gravia
302 1893 331 1945 et
356 1886 445 1962 llagiti
467 1885 552 1966 plena
582 1892 673 1955 eraut,
693 1893 805 1957 tamen,
832 1888 899 1965 quia
922 1889 1023 1948 mortis
1040 1877 1205 1950 metumoo'
1253 1895 1255 1960 l

181 1968 382 2038 intuebantur,
404 1970 488 2028 sicuti
507 1970 570 2044 regi
589 1967 739 2039 lubuerat,
758 1987 815 2047 pax
831 1972 972 2030 convenit.

132 2056 171 2118 39
265 2051 315 2112 Set
326 2051 377 2113 ubi
388 2070 421 2114 ea
438 2051 547 2130 Romae
562 2059 701 2129 conperta
711 2059 792 2124 sunt,
815 2060 910 2115 metus
925 2060 1011 2134 atque
1034 2071 1152 2114 maeror

161 2137 323 2198 ‘civitatem
343 2133 484 2198 invasere.
516 2135 588 2197 Pars
610 2135 708 2198 dolere
726 2155 780 2214 pro
795 2137 886 2214 gloria
901 2139 1003 2214 inperi,
1019 2155 1087 2216 pars
1105 2139 1153 2197 in·
1250 2153 1251 2208 1

63 2229 68 2234 ’
180 2220 262 2280 solita
282 2238 382 2281 rerum
402 2219 574 2281 bellicarum
599 2223 702 2282 timere
721 2220 861 2281 libertati:
890 2222 963 2282 Aulo
985 2238 1085 2283 omues
1104 2222 1151 2280 iu·
1249 2211 1250 2274 l

180 2302 257 2372 lesu,
281 2322 315 2364 13
335 2322 470 2366 maxume
492 2305 541 2384 qui
554 2302 631 2366 bello
652 2322 739 2384 saepe
761 2305 904 2382 praeclari
925 2305 1049 2374 lucrant,
1072 2306 1187 2382 quodne
1248 2331 1249 2341 ¹

148 2387 151 2400 '
183 2395 311 2445 armatus
327 2386 469 2450 dedecore
490 2388 586 2463 potius
605 2407 691 2465 quam
706 2406 795 2448 manu
816 2387 936 2450 salutem
959 2389 1151 2468 quaesiverat.
1246 2393 1248 2473 s

156 2467 225 2528 101)
242 2485 278 2526 ea
290 2466 391 2528 consul
411 2468 531 2532 Albinus
551 2489 587 2530 ex
607 2471 711 2532 delicto
732 2471 829 2531 1131113
846 2472 980 2531 invidiam
994 2491 1028 2532 ao
1045 2471 1153 2532 deinde
1245 2503 1246 2542 r

233 2548 341 2609 iculum
354 2551 459 2610 timeus
472 2557 603 2612 senatum
617 2553 654 2617 de
668 2554 786 2614 foedere
805 2553 986 2622 consulebat,
1008 2560 1153 2618 ettamen
1243 2553 1245 2614 l

179 2633 296 2694 mterim
316 2633 465 2692 exercitui*
477 2632 710 2710 subplementum
731 2634 876 2701 scribere,
896 2635 932 2694 ab
947 2636 1033 2695 sociis
1053 2644 1082 2696 et
1095 2656 1152 2700 no-

180 2717 258 2777 mine
272 2715 374 2778 Latino
389 2715 492 2778 auxilia
507 2733 672 2785 accersere,
693 2717 817 2795 denique
836 2717 969 2777 omnibus
984 2720 1077 2780 modis
1092 2722 1151 2782 les·
1168 2753 1179 2784 ;:

155 2803 281 2861 ethere.
315 2799 438 2861 Senatus
454 2801 492 2860 ita
503 2800 545 2859 uti
561 2817 615 2876 par
630 2801 725 2861 iuerat
737 2801 866 2862 deceruit
885 2819 938 2860 suo
949 2808 1034 2881 atque
1047 2805 1151 2885 populi

153 2884 290 2944 aiuiussu
310 2883 571 2961 nulumpototsse
591 2884 693 2946 foedus
714 2885 785 2946 fieri.
836 2883 942 2946 Consul
966 2888 1108 2964 inpeditus
1131 2909 1149 2949 a

180 2965 304 3026 tribunis
326 2966 422 3043 plebei
441 2985 479 3028 13
501 2984 573 3046 quas
592 2975 745 3047 paraverat
767 2970 864 3047 copias
885 2986 985 3030 secum
1006 2977 1147 3048 portaret,

180 3050 280 3124 paucis
302 3050 404 3110 diebus
423 3052 453 3112 iu
475 3050 603 3112 Africam
620 3052 826 3132 proficiscitur:
855 3070 923 3112 nam
950 3056 1042 3113 omnis
1063 3072 1148 3115 exer-

181 3131 263 3199 citus,
277 3133 320 3192 uti
341 3140 515 3196 convenerat
533 3133 665 3198 Numidia
686 3136 842 3205 deductus,
867 3138 898 3195 in
917 3138 1062 3213 provincia
1084 3137 1184 3206 hie-³:³

86 3215 88 3220 '
155 3213 286 3276 emebat.
306 3215 463 3293 Postquam
477 3236 512 3278 eo
532 3220 621 3288 venit,
642 3236 816 3296 quemquam
829 3221 965 3297 persequi
977 3219 1148 3295 Iugurtham

181 3304 210 3358 31
229 3298 341 3360 mederi
360 3298 505 3360 fraternae
522 3302 646 3362 invidiae
667 3303 762 3362 annuo
784 3300 916 3369 ardebat,
946 3303 1066 3378 cognitis
1091 3307 1148 3365 mi-

180 3379 293 3452 litibus,
316 3399 389 3460 quos
412 3390 531 3459 praeter
553 3385 651 3464 lugam
674 3385 767 3474 soluto
794 3385 905 3462 inperio
924 3381 1037 3447 licentia
1059 3393 1147 3466 atque
