2536 3936
290 219 333 258 oe
350 217 779 260 οιιιιιιιιι-οοιιιιιιιιιοιιιι
794 219 823 260 ιι.
837 201 891 263 δι’
1033 199 1073 259 27

182 365 214 426 Ι).
232 364 376 432 Silanum,
395 366 488 424 virum
504 365 611 426 fortem
626 371 712 446 atque
728 375 896 435 strenuum,
915 373 996 428 certo
1013 383 1074 426 sero
1086 375 1118 428 lo

98 467 174 529 quae
190 448 294 509 dixerit
305 448 401 508 studio
415 449 460 508 rei
469 446 604 525 publicae
616 450 737 518 dixisse,
753 469 849 528 neque
861 449 942 510 illum
955 452 986 509 in
995 457 1076 510 ιιιιιι
1119 457 1121 465 ‘

99 551 134 593 re
145 534 270 610 gratiam
283 538 333 592 ant
348 532 512 592 inimicitias
524 548 679 593 exercere:
695 552 747 595 eos
760 551 859 594 mores
875 549 997 613 eamque
1013 551 1075 593 mo·

97 617 290 677 destiam·viri
305 617 442 690 cognovi:
452 633 562 683 rerum
577 619 719 678 sententia
733 620 797 678 eius
811 617 882 678 mihi
896 632 956 676 non
970 613 1121 678 crude-1?

74 699 132 762 elis
152 735 187 744 -
204 699 273 778 quid
292 700 370 758 enim
385 700 416 758 in
431 697 495 758 talis
513 698 647 760 homines
668 701 788 762 crudele
814 701 877 761 fleri
898 701 1012 778 potent
1038 733 1073 745 -

66 831 70 842 .
96 791 142 844 set
165 781 258 842 alienu
280 797 348 842 are
369 781 486 862 publiea
501 789 602 843 nostra
621 784 745 845 uidetur.
776 781 849 845 Nam
870 783 1004 862 proiecto
1025 791 1075 845 aut
1085 793 1117 846 18
1175 797 1191 832 ⁰

96 872 193 927 metus
208 872 258 926 ιιιι
275 867 379 926 iniuria
397 872 427 926 te
446 865 569 942 subegit,
584 866 698 936 Silone,
719 867 870 930 consulent
883 867 1093 944 designatum,¹

97 965 191 1026 genus
205 963 318 1027 poenae
333 966 441 1008 norom
455 949 625 1010 decernere.
648 950 689 1011 De
703 953 810 1011 timore
826 956 1118 1049 ιιιριιιιιιιιιιιιιιιιι

97 1040 141 1094 est
156 1033 311 1102 disserere,
328 1049 395 1092 curn
411 1035 585 1109 praesertim
600 1034 746 1116 diligentia
762 1034 964 1094 clarissumi'
937 1037 991 1094 uri
1005 1049 1074 1094 eon-

61 1116 168 1177 rosulis
183 1121 264 1176 tanta
284 1116 454 1194 praesidia
446 1134 476 1176 m
493 1119 583 1177 armis
598 1119 664 1178 sint.
692 1113 734 1178 ne
747 1132 844 1195 poena
858 1133 978 1216 possum
993 1120 1073 1196 equi-
1084 1132 1118 1182 ιο

96 1200 164 1260 dem
181 1199 289 1268 dicere,
304 1200 334 1258 id
348 1199 427 1278 quod
441 1217 490 1260 res
503 1199 626 1270 hahet·
617 1219 648 1260 m
662 1200 743 1262 luctu
758 1207 845 1280 atque
857 1201 982 1261 miseriis
996 1219 1075 1262 mor·

95 1290 157 1344 tem
172 1297 382 1344 aerumnarum
393 1301 534 1362 requiem
550 1301 609 1344 non
620 1284 784 1346 cruciatum
799 1299 873 1353 esse,
889 1299 954 1344 eam
972 1293 1076 1344 cuneta

95 1366 264 1440 mortalium
278 1365 355 1428 mala
368 1366 534 1437 dissolvere,
550 1368 628 1428 ultra
643 1387 739 1450 nomae
756 1385 844 1430 curae
859 1383 955 1446 neque
968 1368 1075 1444 gaudio

96 1450 194 1511 locum
209 1467 283 1511 esse.
317 1450 376 1519 Set,
398 1468 452 1528 per
466 1451 537 1511 deos
555 1453 731 1522 inmortalis
755 1451 970 1532 quamobrem
963 1469 992 1512 ιιι
1008 1469 1073 1512 sen·
1061 1457 1115 1508 -21

61 1553 86 1592 ιι
96 1535 185 1594 tentia
200 1549 260 1592 non
275 1533 422 1602 addidisti,
438 1537 481 1593 nti
495 1535 599 1612 prins
591 1553 621 1594 ιιι
636 1553 697 1604 eos
700 1535 874 1596 verberibus
891 1529 1074 1595 animaduor-

96 1617 228 1678 tereturi
267 1616 313 1676 An
338 1619 405 1694 quoia
427 1614 475 1675 lex
496 1616 600 1676 Porcia
621 1619 714 1677 vetati
755 1618 792 1677 lt
812 1617 884 1678 aliae
905 1617 986 1692 leges
1004 1619 1118 1677 iteraret

98 1698 300 1760 condemnatis
313 1697 423 1758 civibus
437 1715 496 1756 non
509 1701 635 1758 enimam
650 1701 737 1777 eripi,
755 1706 799 1760 set
814 1697 932 1760 exilium
946 1701 1075 1778 permitti

96 1782 209 1843 iubent.
245 1782 289 1840 An
306 1782 374 1860 quia
389 1783 507 1856 ¹grauius
527 1788 572 1842 est
585 1782 736 1844 verberoni
755 1799 842 1862 quarn
858 1783 976 1844 necari?
997 1783 1073 1854 Quid
1083 1779 1116 1832 23

96 1872 194 1927 autem
216 1864 372 1932 acerbum,
393 1871 443 1924 aut
465 1866 550 1924 nimis
570 1881 659 1942 grave
673 1872 718 1926 est
732 1868 761 1926 in
783 1866 916 1928 homines
936 1867 1009 1926 tanti
1031 1867 1073 1927 ia·

60 1950 204 2014 iocinoris
227 1948 391 2008 convictos?
427 1947 479 2008 Sin
500 1950 567 2027 quia
582 1949 673 2010 levius
687 1955 741 2019 est,
757 1952 807 2028 qui
823 1947 958 2012 convenit
973 1951 1003 2010 in
1018 1952 1071 2010 mi·
1081 1952 1116 2002 24

95 2051 169 2094 nore
183 2033 301 2108 negotio
311 2031 408 2107 legem
420 2032 540 2101 timere,
558 2050 626 2092 enm
641 2049 706 2093 eam
719 2035 749 2092 in
763 2036 875 2096 maiore
892 2034 1074 2111 neglegerisi

178 2118 215 2177 lt
236 2117 313 2175 enim
333 2117 398 2194 quis
418 2115 624 2192 reprehendet,
645 2117 724 2194 qnod
740 2119 771 2177 in
787 2114 932 2196 poricides
952 2121 997 2177 rei
1018 2133 1072 2196 pn·
1082 2123 1115 2172 25

94 2200 189 2261 hlioae
206 2201 359 2261 decreuim
372 2199 447 2258 erit?
470 2199 612 2277 Tempus,
630 2200 706 2268 dies,
724 2201 859 2270 iortnna,
876 2203 958 2260 cuitus
973 2198 1073 2259 lubido

76 2278 230 2360 'gentibus
252 2282 431 2343 moderemr.
467 2281 527 2342 lllis
545 2285 649 2343 merito
665 2285 791 2352 accidet,
814 2282 952 2361 quioquid
967 2288 1115 2341 evene-to

36 2385 38 2388 ·
62 2391 88 2429 ιι
95 2369 148 2426 rit:
172 2373 301 2427 ceterum
325 2381 386 2434 vos,
402 2371 500 2442 patres
519 2365 685 2445 conscripti,
709 2367 778 2444 quid
799 2367 828 2426 in
849 2361 920 2425 aiios
939 2365 1072 2426 statuatis

97 2451 287 2537 considerate.
311 2447 415 2509 Ouinia
426 2448 502 2510 mala
517 2449 648 2528 exempla
664 2465 701 2509 ex
713 2449 804 2510 rebus
816 2449 901 2510 bonis
913 2455 976 2510 orta
993 2455 1068 2510 sunt.
1079 2454 1113 2505 ιι

94 2532 213 2596 Scilicet
229 2533 279 2594 ubi
295 2533 442 2610 inperium
459 2533 495 2592 ad
509 2534 627 2610 ignaros
640 2539 693 2594 ιιιι
711 2533 808 2594 murus
821 2533 916 2594 bonos
929 2535 1070 2612 pertenit,

95 2634 202 2678 novom
223 2616 295 2678 illud
309 2614 475 2693 exemplum
491 2616 527 2676 ιιι
550 2617 643 2694 dignis
665 2623 694 2678 et
714 2615 826 2678 idoneis
841 2618 876 2678 ad
892 2618 1028 2696 indiguos
1041 2624 1072 2677 et

95 2717 155 2762 non
171 2701 292 2762 idoneos
309 2699 495 2760 transfertur.
518 2700 740 2762 Lacedaemonii
754 2701 873 2762 devictis
888 2701 1070 2761 Atheniensi·
1080 2699 1115 2750 28

60 2809 86 2850 so
95 2779 151 2846 hus
164 2785 283 2860 triginta
297 2785 376 2843 viros
388 2785 561 2861 inposuere,
585 2786 635 2864 qui
648 2799 713 2845 rem
727 2786 875 2864 publicam
892 2801 995 2845 eorum
1011 2789 1071 2841 tra·

97 2874 217 2929 starent.
242 2866 277 2926 Ei
291 2868 385 2945 primo
405 2884 529 2945 coepere
545 2873 715 2944 pessumum
726 2883 871 2948 quemque
892 2872 923 2926 et
937 2864 1115 2925 omnibus29

95 2953 220 3010 invisum
240 2949 441 3011 indemnatum
453 2966 576 3011 necare:
592 2953 629 3011 'ea
650 2950 775 3029 populus
795 2950 896 3010 laetari
918 2954 947 3008 et
966 2949 1071 3008 merito

75 3035 194 3096 dicere
210 3033 288 3093 lieri:
308 3033 457 3112 postoli
475 3033 613 3111 paulatim
625 3033 742 3094 licentia
761 3034 860 3101 erevit,
881 3032 961 3093 ιιιιιι
978 3030 1115 3092 bonesen

95 3124 125 3178 et
138 3116 232 3177 malos
246 3114 409 3176 lubidinose
424 3117 599 3186 interficere,
615 3123 729 3178 eeteros
744 3121 824 3176 metu
834 3122 961 3176 terrere:
976 3118 1015 3176 ita
1031 3116 1069 3175 oi·
1058 3115 1111 3166 .31

60 3203 167 3266 acutas
178 3201 316 3261 servitute
336 3200 476 3278 obpressa
490 3199 593 3262 stultae
607 3201 732 3260 lactinae
746 3201 842 3274 gravis
855 3213 966 3277 poenas
982 3195 1081 3259 dedit.

95 3284 198 3345 Nostra
213 3285 355 3344 memoria
368 3284 460 3344 victor
471 3283 559 3352 Sulla,
577 3301 644 3344 oum
658 3277 864 3362 Damasippum
876 3291 906 3346 et
920 3284 992 3344 alios
1006 3283 1068 3342 eius
1078 3282 1113 3333 32
1189 3307 1194 3314 ¹

95 3369 187 3436 modi,
204 3370 254 3446 qui
268 3367 345 3428 malo
362 3366 556 3450 reipublicae
574 3373 735 3436 creverunt,
756 3367 882 3443 iugulari
896 3368 987 3430 iussit,
1006 3365 1070 3441 quis

3 3445 5 3458 '
94 3467 154 3512 non
176 3450 284 3513 lactum
307 3452 369 3534 eius
387 3441 541 3510 laudabat?
562 3451 694 3510 hommes
714 3451 852 3513 scelestos
874 3455 903 3510 ot
924 3447 1070 3516 factiosos,
