2548 3930
189 204 229 266 82
366 225 410 266 aa
432 225 535 267 nanno
555 224 754 267 rvcvnrnruo
777 225 805 268 c.
823 216 865 272 ¹13·
883 215 927 272 74.
946 218 989 272 75.

162 374 261 434 ollari
280 375 415 442 yirtutcm
434 374 463 431 iu
483 372 577 432 maius
595 372 760 435 celebrare,
794 374 924 452 llenique
937 374 1038 452 plebes
1059 377 1165 438 sicad-

190 476 290 525 censa,
312 459 355 517 uti
373 457 490 534 opifices
511 463 699 535 agrestesque
720 475 835 525 omnes,
859 475 983 535 quorum
1006 477 1054 518 res
1076 460 1165 520 lides-

189 559 246 620 que
265 543 294 600 in
312 541 446 601 manibus
467 541 538 599 sitae
555 548 646 608 erant,
663 540 770 601 relictis
785 541 923 618 operibus
943 542 1165 619 frequentarent

108 686 112 703 Ι
188 624 309 684 Marium
324 631 353 684 et
367 638 418 684 sua
437 625 598 682 necessaria
615 631 680 701 post
694 624 769 684 illius
784 625 925 692 honorem
940 626 1089 685 ducerent.
1118 627 1164 687 lta

188 707 321 784 perculsa
336 707 482 766 nobilitate
493 713 557 782 post
568 707 673 766 multas
684 714 867 785 tempestates
877 725 953 767 novo
966 708 1074 774 homini
1089 727 1188 770 coo-a
1249 715 1250 734 l

163 792 299 852 nsulatus
319 791 485 850 mandatur:
509 796 538 849 et
559 797 658 866 postea
683 790 807 868 populus
829 809 845 850 a
866 791 985 851 tribuno
1008 792 1103 868 plehei
1124 794 1160 852 Τ.

78 945 80 954 1
187 874 435 952 Manlio-Mancino
450 879 577 948 rogatus,
592 893 677 952 quem
700 874 780 935 vellet
800 893 867 934 cum
889 875 1027 950 Iugurtha
1050 875 1162 936 bellum

187 973 223 1034 ge
241 977 300 1024 ere,
323 958 460 1034 frequens
479 957 599 1016 hiarium
622 959 711 1017 iussit.
746 958 796 1019 Set
816 956 903 1036 paulo
925 957 1086 992 ***'³'***
1109 960 1161 1020 de·

188 1060 203 1100 c
220 1028 336 1101 everat?
353 1059 386 1100 ea
400 1058 448 1100 res
464 1040 575 1103 'trustra
594 1041 655 1101 luit.
677 1077 679 1081 -

137 1127 177 1185 74
273 1125 380 1184 Eodem
393 1131 525 1208 tempore
541 1124 677 1200 iugurtha
693 1127 804 1185 amissis
818 1127 931 1192 amicis,
950 1143 1076 1203 quorum
1097 1127 1160 1203 ple·
1172 1147 1199 1188 to

187 1209 294 1288 rosque
309 1211 370 1286 ipse
385 1215 550 1276 necaverat,
570 1210 659 1268 ceteri
676 1209 843 1276 tormidine,
868 1227 936 1284 pars
951 1210 987 1269 ad
1001 1209 1157 1288 llomanos,

187 1293 235 1352 alii
256 1293 291 1353 ad
314 1308 413 1367 regem
434 1291 580 1350 Bocchum
604 1291 808 1368 profugerant,
836 1309 901 1352 cum
925 1309 1020 1370 neque
1047 1293 1159 1354 bellum

145 1391 149 1400 ’
187 1378 249 1451 geri
267 1377 328 1434 sine
344 1374 518 1434 administris
535 1381 632 1450 posset
648 1380 676 1434 et
693 1393 834 1434 novorum
845 1376 936 1450 viidem
952 1377 980 1435 iu
998 1383 1076 1436 tanta
1090 1395 1158 1454 per-

187 1459 251 1518 tidia
265 1465 393 1518 veterum
405 1459 530 1534 experiri
548 1457 742 1534 periculosum
758 1459 886 1526 duceret,
904 1461 999 1519 rarius
1013 1461 1157 1521 incertus·

163 1545 165 1550 ’
187 1541 246 1620 qaae
259 1542 392 1618 agitabat.
430 1541 529 1620 Neque
543 1541 583 1600 illi
598 1559 646 1602 res
661 1559 755 1620 neque
771 1542 920 1602 consilium
940 1551 989 1602 aut
1004 1546 1196 1622 quisquamne

185 1626 335 1686 hominum
354 1627 422 1685 satis
438 1624 584 1704 placebat:
603 1625 703 1686 itinera
722 1627 942 1704 praefectosque
963 1628 991 1685 iu
1012 1627 1159 1690 dieamu-

185 1715 264 1779 tare,
287 1710 373 1770 modo
394 1711 547 1770 advorsum
564 1710 667 1776 hostis,
691 1711 836 1770 interdum
851 1713 880 1769 iu
900 1709 1068 1770 solitudines
1088 1729 1160 1788 per·

90 1857 94 1862 ,
133 1794 137 1804 '
186 1809 271 1869 gere,
299 1812 384 1870 saepe
411 1796 439 1853 in
460 1793 758 1870 lugaaepostpaulo
777 1795 912 1854 inarmis
932 1812 1013 1870 spem
1037 1794 1158 1864 hahere,¹

185 1878 318 1952 dubitare
329 1880 424 1935 virtuti
440 1894 476 1935 an
491 1877 549 1936 lide
565 1875 746 1956 popularium
761 1880 856 1937 miuus
870 1878 1016 1938 crederet:
1031 1879 1067 1937 ita
1084 1896 1158 1956 quo-

160 1972 310 2038 tcumque
325 1960 489 2020 intenderat
503 1976 551 2019 res
566 1959 705 2019 advorsae
720 1967 810 2019 erant.
840 1960 890 2020 Set
906 1962 981 2020 inter
995 1979 1044 2021 eas
1058 1977 1160 2022 moras
1170 1983 1197 2024 aa

185 2049 306 2119 repente
325 2059 388 2103 sese
406 2041 537 2102 lletellus
558 2059 624 2102 cum
646 2045 774 2102 exercitu
797 2043 938 2103 ostendit:
963 2043 1103 2105 Numidae
1121 2046 1160 2106 ah

184 2127 324 2203 Iugurtha
345 2145 399 2204 pro
418 2117 550 2210 tempore
571 2127 662 2203 parati
690 2127 895 2204 instructique,
922 2127 999 2188 dein
1014 2127 1161 2205 proelium

94 2250 97 2263 ι
159 2211 329 2287 :iincipitur
343 2282 346 2286 .
361 2209 422 2279 Qua
439 2213 467 2271 in
491 2219 572 2288 parte
593 2228 645 2271 rex
662 2226 776 2287 pugnae
798 2211 897 2278 adluit,
921 2211 961 2271 ihi
980 2211 1160 2289 aliquamdiu

185 2303 342 2363 certatum,
367 2296 455 2357 ceteri
477 2296 539 2356 eius
557 2305 657 2354 omnes
679 2294 785 2355 milites
798 2297 892 2372 primo
906 2311 1065 2370 congressu
1081 2295 1160 2372 pulsi

185 2380 340 2457 fugatique.
363 2379 485 2439 llomaui
500 2380 648 2454 signorum
663 2385 691 2440 et
706 2397 853 2440 armorum
866 2378 1010 2455 aliquanto
1021 2397 1158 2448 numero,
1169 2399 1197 2440 as

184 2463 309 2522 hostium
330 2476 490 2538 paucorum
512 2463 609 2538 potiti:
628 2480 696 2522 nam
718 2463 808 2522 terme
826 2462 956 2522 Numidis
971 2463 1000 2521 in
1021 2461 1159 2524 omnihus

183 2543 300 2621 proeliis
322 2545 413 2618 magis
434 2545 523 2621 pedes
545 2563 631 2622 quam
649 2564 728 2605 arma
745 2553 805 2622 tuta
826 2551 901 2604 suot.

25 2633 28 2640 “
134 2629 173 2688 75
267 2627 308 2687 lla
330 2625 397 2701 luga
422 2626 558 2702 iugurtha
575 2629 723 2704 inpensius
740 2628 828 2686 modo
841 2627 930 2688 rebus
944 2629 1004 2687 suis
1022 2628 1158 2690 diltldens

184 2729 250 2771 cum
267 2711 396 2789 perfugis
410 2716 438 2770 et
454 2717 535 2787 parte
550 2712 693 2788 equitatus
705 2711 733 2769 in
749 2709 931 2777 solitudines,
949 2711 1014 2770 dein
1032 2711 1157 2774 Thalam

129 2811 132 2826 ·
183 2797 329 2874 pervenit,
356 2796 385 2854 iu
412 2793 548 2871 oppidum
575 2809 712 2870 magnum
740 2801 826 2870 atque
852 2793 1021 2871 opulentum
1046 2796 1199 2873 uhiqueno

183 2879 315 2958 plerique
332 2879 481 2938 thensauri
499 2875 681 2955 filiorumque
700 2879 761 2937 eius
779 2876 887 2938 multus
905 2879 1044 2955 pueritiae
1060 2879 1158 2945 cultus

157 2969 256 3036 terat,
299 2964 379 3035 Quae
400 2968 553 3041 postquam
574 2960 687 3022 ldetello
709 2967 846 3038 conperta
868 2968 950 3030 scrut,
979 2980 1158 3040 quamquam

184 3047 259 3105 inter
275 3045 395 3106 Thalam
412 3047 577 3123 ilumeoque
590 3063 764 3122 proxumum
779 3047 808 3106 in
830 3047 921 3123 spatio
942 3045 1059 3106 milium·
1070 3047 1157 3124 quin·
1249 3109 1250 3132 ,

161 3145 164 3156 ·
184 3129 319 3208 quaginta
341 3128 408 3190 lora
419 3131 498 3190 arida
512 3137 598 3207 atque
615 3136 690 3189 rasta
707 3146 770 3189 esse
786 3136 967 3209 cognoverat,
990 3138 1084 3190 tamen
1101 3147 1157 3208 spe

184 3212 316 3291 patrandi
330 3211 445 3280 belli-si
461 3216 523 3274 eius
537 3214 632 3291 oppidi
653 3215 758 3290 potitus
775 3214 858 3280 soret,
877 3215 970 3272 omnis
985 3215 1197 3290 asperitatesss

159 3294 378 3374 3supervadere
399 3305 583 3356 aenatorum
604 3299 688 3358 etiam
714 3299 828 3357 vincere
843 3297 1018 3372 adgreditur.
1063 3297 1156 3372 igitur

186 3382 280 3439 omnia
302 3382 426 3439 iumenta
450 3383 570 3440 sarcinis
590 3381 678 3442 levari
698 3382 786 3448 iuhet,
810 3382 865 3440 nisi
880 3382 1023 3440 lrumeuto
1038 3381 1156 3440 dierum

186 3463 295 3526 decem.
319 3469 448 3522 ceterum
470 3466 542 3523 utris
560 3467 648 3527 modo
669 3473 698 3526 et
718 3466 772 3526 alia
794 3481 884 3542 aquae
905 3463 1006 3524 idonea
1027 3465 1156 3541 portari:
