2536 3936
300 222 342 264 nn
366 209 542 262 esrrnrnsn'
561 216 800 282 courrnanmnn
824 215 852 258 c.
873 207 921 262 διε
1054 197 1093 258 37

123 370 237 434 hostilia
254 369 393 432 cadavera
407 368 533 428 amicum
547 363 603 434 alii,
624 382 693 443 pars
708 363 852 440 hospitem
873 370 922 424 aut
941 371 1096 440 cognatum

124 451 323 533 reperiebant,
339 453 422 513 luere
435 452 504 511 item
519 450 569 528 qui
584 449 716 510 inimicos
731 464 798 508 suos
816 453 1033 523 cognoscerent.
1055 447 1124 514 ltao

124 540 203 600 varie
224 553 278 615 per
301 553 417 596 omnem
439 534 599 594 exercitum
618 532 724 592 laetitia
746 548 872 600 maeror,
894 529 989 592 luctus
1011 539 1097 609 atque

125 622 230 699 gaudia
246 618 438 696 agitabantur.

325 1122 422 1202 GAI
449 1119 704 1202 SALLVSTI
732 1118 903 1252 onlsrl

558 1269 669 1372 nlssnn

233 1469 311 1586 nu
346 1495 548 1586 nunno
587 1495 997 1584 rvovnruruo.

104 1895 117 1934 c
216 1853 310 1946 Falso
330 1876 461 1954 queritur
477 1876 513 1936 de
534 1882 638 1936 natura
655 1889 815 1952 suargonns
828 1873 1003 1944 humanum,
1023 1877 1128 1954 quodl

125 1959 260 2022 inbecilla
272 1967 358 2039 atque
370 1961 432 2020 aevi
446 1955 544 2022 brevis
557 1959 634 2020 forte
644 1959 741 2039 potins
752 1975 839 2038 quam
850 1961 955 2020 virtute
970 1967 1098 2036 regatur.

125 2043 199 2104 Nam
217 2051 318 2105 contra
339 2044 502 2126 reputando
523 2061 619 2122 neque
640 2044 734 2104 maius
756 2042 833 2103 alind
858 2062 953 2122 noque
971 2051 1126 2121 praesta-e

124 2125 211 2188 bilius
224 2128 353 2188 invenias
363 2129 513 2207 magisque
528 2133 649 2188 naturae
663 2125 834 2187 industriam
848 2125 999 2186 hominurn
1015 2145 1101 2205 quam

124 2211 182 2271 vim
200 2218 251 2272 aut
270 2207 386 2288 tempus
405 2211 514 2270 deesse.
544 2211 593 2270 Set
605 2211 664 2271 dux
675 2217 761 2286 atque
772 2213 921 2286 inperator
934 2211 1008 2269 vitae
1022 2224 1127 2274 mor-3

89 2308 116 2350 10
124 2293 225 2354 talium
236 2295 349 2353 animus
367 2299 422 2352 est:
438 2295 488 2370 qui
501 2291 553 2353 ubi
568 2293 605 2352 ad
620 2293 743 2368 gloriam
758 2293 868 2352 virtutis
881 2293 926 2351 via
941 2299 1098 2366 grassatur,

125 2375 241 2436 abunde
262 2374 374 2452 pollens
395 2382 555 2452 potensque
570 2382 599 2434 ct
618 2374 715 2435 clarus
729 2380 772 2434 est
787 2391 882 2453 neque
902 2374 1019 2435 fortuna
1035 2383 1100 2452 egel

128 2490 162 2504 -
180 2461 287 2537 quippe
300 2457 478 2535 probitatem
492 2459 664 2532 industriam
678 2458 805 2536 aliasque
817 2460 887 2519 artis
899 2458 992 2519 bonas
1006 2477 1100 2539 neque

12 2549 13 2552 ’
125 2543 196 2603 dare
215 2559 310 2622 neque
330 2543 445 2622 eripere
468 2542 603 2620 cuiquam
619 2549 715 2620 potest
739 2563 792 2602 -ι
814 2543 857 2602 εἰη
884 2549 985 2620 captus
1006 2546 1128 2620 praviso

127 2625 312 2704 cupidinibus
323 2626 360 2686 ad
376 2627 511 2688 inertiam
522 2632 551 2686 et
560 2625 723 2704 voluptates
738 2629 870 2706 corporis
885 2628 1101 2704 pessumdatus

88 2730 114 2770 ιε
126 2717 182 2778 est,
206 2710 363 2788 pernitiosa
383 2709 512 2772 lubidine
526 2709 674 2788 paulisper
691 2727 777 2778 nsua,
800 2709 851 2770 ubi
865 2727 919 2788 per
938 2711 1100 2770 socordiam

101 2796 200 2856 ,vires
221 2800 336 2872 tempus
357 2796 506 2871 ingenium
524 2792 686 2862 diffluxere,
702 2801 824 2854 naturae
844 2793 995 2854 infirmitas
1016 2811 1100 2853 accu-

124 2883 222 2938 satur:
237 2895 319 2938 suam
337 2881 459 2956 qpisque
474 2877 588 2955 culpam
603 2883 716 2938 actores
725 2877 765 2938 ad
783 2879 898 2952 negotia
912 2877 1098 2936 transferunt.

124 2959 209 3031 Quod
224 2962 249 3020 si
263 2960 430 3024 hominibus
445 2960 590 3020 bonarum
604 2979 706 3022 rerum
718 2967 796 3021 tanta
809 2977 880 3020 cura
892 2966 975 3029 esset,
993 2967 1126 3039 quantos

123 3043 219 3103 studio
234 3043 327 3103 aliena
344 3063 379 3104 ae
401 3043 472 3106 nihil
492 3043 646 3123 profutura
664 3045 812 3122 multaque
833 3045 919 3105 etiam
937 3044 1099 3120 periculosa

88 3149 114 3190 ao
123 3145 160 3188 cc
172 3130 334 3203 pernitioso
345 3133 456 3204 petunt,
473 3145 568 3208 neque
579 3135 753 3204 regerentur
762 3129 854 3203 magis
866 3145 953 3206 quam
963 3135 1101 3204 regerent

124 3229 208 3272 casus
231 3217 259 3272 ct
274 3217 316 3271 eo¹
329 3211 534 3287 magnitudinis
554 3212 762 3288 procederent,
784 3210 836 3272 uhi
854 3228 909 3289 pro
929 3211 1100 3272 mortalibus

122 3293 214 3369 gloria
236 3295 348 3356 aeterni
366 3295 478 3355 tierent.
502 3295 575 3356 Nam
590 3297 632 3355 uli
646 3311 738 3371 genus
752 3295 902 3354 hominum
918 3296 1099 3372 conpositum
1112 3301 1131 3360 2

71 3421 76 3429 .
123 3395 159 3437 ex
181 3397 305 3457 corpore
327 3385 357 3438 et
374 3380 468 3438 anima
484 3384 537 3447 est,
558 3380 598 3439 ita
619 3396 668 3438 res
684 3385 806 3440 cunetae
827 3380 980 3455 studiaque
1004 3379 1099 3438 omnia

121 3467 221 3520 nostra
244 3465 377 3541 corporis
398 3461 463 3533 alia,
486 3461 544 3524 alia
560 3462 649 3526 ammi
666 3469 801 3524 araturam
822 3468 971 3524 secuntur.
1007 3460 1125 3538 Igitura
