2536 3936
239 187 281 228 nn
305 187 476 229 cunrmuan
500 185 740 229 courvnlrroun
761 187 789 229 e.
812 179 854 232 il.
875 178 918 232 25.
939 178 983 234 aa.
1061 167 1098 230 13

122 353 212 396 novus
235 335 357 412 adeptus
375 332 459 394 leret.
489 334 551 394 'Set
570 335 622 394 ubi
648 333 813 412 periculum
836 335 965 405 advenit,
992 336 1098 397 invidia

121 425 209 498 atque
227 416 366 496 superbia
384 423 451 493 post
468 416 560 478 luere.
841 465 844 470 .

203 502 296 578 Igitur
317 501 440 560 comitiis
457 500 562 560 habitis
578 502 712 562 consules
731 501 917 563 declarantur
932 503 970 562 M.
986 504 1098 564 Tullius
1107 501 1148 564 24

122 592 151 646 et
164 587 198 648 G.
214 585 366 645 Antonius.
390 581 474 653 Quod
489 583 707 661 lactumprimo
725 586 876 664 popularis
891 589 1123 648 coniurationes

2 677 3 686 ’
97 674 325 731 scoucusserat:
346 683 442 744 neque
461 673 559 728 tamam
574 667 712 729 Catilinae
728 669 813 730 iurcr
832 669 1033 738 minuebatur,
1053 679 1099 732 set

119 755 150 814 ln
169 753 232 812 dies
250 750 334 828 plura
349 753 473 827 agitare:
496 769 576 812 arma
590 769 645 829 per
665 752 777 813 ltaliam
789 752 862 813 loeis
876 755 1029 831 oportunis
1044 771 1097 830 pa·
1155 817 1161 827 ,

120 853 201 904 ιιιι,
225 837 379 913 pecuniam
401 853 454 895 sua
475 842 526 897 aut
546 838 706 896 amicorum
721 836 779 897 fide
798 843 943 913 sumptam
966 843 1097 898 mutuam

119 919 257 980 Faesulas
278 919 314 979 ad
335 916 473 978 Manlium
495 920 639 997 quendam
661 927 795 996 portare,
819 921 869 998 qui
892 928 993 998 postea
1014 922 1095 997 priu-

120 1020 189 1080 ceps
203 1003 258 1064 luit
272 1000 342 1062 belli
358 1002 495 1062 faciundi.
531 1002 572 1063 Ea
591 1009 763 1081 tempestate
780 1002 933 1080 plurumos
956 1006 1124 1082 cuiusques

90 1089 240 1162 regeneris
260 1085 394 1146 homines
414 1085 567 1148 adscivisse
588 1086 644 1148 sibi
663 1088 778 1155 dieitru,
793 1086 932 1148 mulieres
947 1089 1032 1162 etiam
1045 1086 1096 1147 ali·

118 1177 204 1247 quot,
231 1187 306 1250 quae
327 1172 423 1246 primo
445 1171 570 1246 ingentis
591 1177 725 1249 sumptus
744 1176 847 1248 stupro
869 1172 1003 1248 corporis
1023 1172 1095 1232 tole·

101 1261 267 1326 ¹caverant,
290 1260 357 1331 post
377 1254 429 1313 ubi
444 1259 522 1314 aetas
545 1260 656 1315 tantum
677 1255 765 1315 modo
786 1256 919 1333 quaestui
939 1271 1036 1332 neque
1051 1253 1096 1313 lu·

117 1339 219 1398 xuriae
241 1338 362 1398 modum
384 1336 508 1406 lecerat,
538 1356 587 1399 aes
609 1338 735 1399 alienum
757 1338 867 1414 grande
889 1337 1094 1398 conflaverant.

116 1419 175 1480 Per
192 1431 248 1480 eas¹
263 1438 295 1480 se
315 1419 434 1480 Catilina
457 1421 596 1482 credebat
617 1438 703 1499 posse
725 1423 841 1482 serdtia
862 1422 976 1483 urbana
990 1420 1122 1486 sollici-4

83 1523 106 1563 u
117 1507 194 1572 tare,
215 1502 323 1565 urbeni
337 1504 504 1574 incendere,
527 1507 606 1564 vires
619 1523 722 1565 earum
741 1504 787 1565 vel
806 1505 977 1580 adiungere
975 1504 1036 1565 sibi
1049 1504 1133 1565 vel

116 1586 292 1648 interficere.

179 1669 280 1728 ''Set
272 1687 303 1727 m
325 1669 366 1728 eis
389 1673 452 1728 erat
472 1666 660 1744 Sempronia,
690 1685 765 1746 quae
785 1667 876 1727 multa
897 1685 985 1744 saepe
1007 1617 1146 1728 virilis25

117 1751 257 1812 andaciae
275 1751 403 1812 facinora
426 1753 610 1812 conmiserat.
655 1751 734 1812 llaec
755 1749 861 1812 mulier
879 1767 988 1828 genere
1009 1758 1121 1829 atquee

116 1835 228 1934 forma
253 1841 407 1914 praeterea
429 1837 492 1896 viro
517 1835 618 1896 liberis
638 1836 707 1896 satis
727 1836 873 1896 fortunata
895 1835 962 1896 fuit:
992 1834 1095 1896 litteris

82 1882 236 1984 mGraecrs
258 1926 287 1981 et
304 1919 412 1980 Latinis
432 1919 531 1989 decta,
551 1919 676 1997 psallere
696 1918 803 1982 saltere
825 1919 985 1996 elegantius
1007 1937 1095 1997 quam

115 2020 236 2065 neeesse
258 2011 303 2066 est
315 2003 448 2102 probae,
470 2003 561 2065 multa
578 1998 641 2073 alia,
657 2023 732 2084 quae
750 2006 941 2065 instrumenta
961 2002 1094 2064 luxuriae

115 2094 192 2158 sunt.
225 2088 276 2149 Set
297 2089 324 2148 ei
345 2089 459 2148 cariora
480 2106 597 2165 semper
616 2091 711 2148 emnia
728 2105 816 2166 quam
834 2087 924 2148 decus
939 2095 1026 2164 atque
1039 2095 1120 2163 ιιι-3

115 2171 211 2231 dicitis
229 2171 295 2232 luit:
313 2173 463 2248 pecuniae·
474 2188 512 2230 an
525 2171 620 2232 lamae
634 2173 731 2230 minus
744 2176 895 2248 parceret,
917 2169 989 2228 haut
1009 2169 1093 2228 facile

115 2254 313 2314 discerneres:
337 2251 468 2312 lubidine
486 2255 528 2313 sic
543 2254 682 2319 adcensa,
705 2259 738 2312 ut
756 2252 872 2326 saepius
888 2256 1002 2327 peteret
1016 2251 1093 2310 virus

80 2353 204 2413 nequam
219 2343 379 2411 peteretur.
425 2334 475 2394 Set
497 2353 531 2394 ea
552 2351 639 2410 saepe
660 2334 782 2393 antehac
802 2333 891 2393 iidem
912 2332 1118 2410 prodiderat‚4

116 2418 258 2478 creditum
274 2416 474 2484 alienaverat,
499 2417 595 2477 caedis
610 2418 725 2478 conseia
739 2416 847 2477 iuerat:
870 2415 986 2488 luxuria
1006 2423 1093 2495 atque
1162 2414 1164 2418 ’

115 2501 214 2579 inopia
228 2517 369 2579 praeceps
384 2498 504 2561 abierat.
535 2501 670 2562 Verum
662 2501 812 2576 ngenium
826 2501 889 2560 eius
903 2500 974 2560 haut
990 2499 1092 2560 absur-
1103 2513 1119 2562 5

115 2587 200 2651 dum·
215 2601 302 2664 posse
316 2601 418 2645 versus
436 2584 547 2653 lacere,
570 2586 668 2645 iocum
683 2599 816 2651 movere,
837 2581 973 2644 seimane
991 2585 1034 2644 uti
1050 2582 1094 2643 vel
1196 2633 1206 2646 .

114 2669 248 2730 modesto
264 2668 307 2729 vel
321 2667 401 2728 molli
414 2667 464 2728 vel
476 2670 611 2746 procaci:
627 2683 751 2745 prorsus
764 2665 873 2728 multae
883 2663 1003 2728 facetiae
1018 2666 1117 2728 mul·

81 2759 221 2831 actusque
238 2752 321 2830 lepus
335 2753 437 2812 inerat
1102 2751 1203 2804 s

199 2831 1142 2912 llisrehusconparatisCatilinanihilcminusinproxumum26

116 2935 226 2980 annum
248 2917 429 2980 consulatum
449 2917 579 2995 petebat,
607 2935 743 2996 sperans,
772 2920 797 2978 si
818 2918 985 2991 designatus
1006 2916 1091 2988 leret,

116 3002 200 3064 iaeile
227 3018 259 3061 se
283 3019 320 3062 ex
345 3001 491 3063 voluntate
518 3002 643 3062 Antonia
671 3019 804 3063 usurum
853 3000 954 3078 Neque
981 3002 1092 3079 interea
1121 3001 1149 3076 1

117 3088 245 3166 quietus
255 3091 327 3153 erat,
350 3093 394 3145 set
414 3085 548 3147 omnibus
564 3086 658 3164 madia
678 3085 797 3147 insidias
811 3083 932 3162 parabat
949 3083 1091 3146 Ciceroni.

81 3195 108 3235 ιι
116 3171 218 3249 Neque
240 3164 289 3230 illi
294 3175 392 3228 tamen
413 3169 450 3228 ad
472 3170 631 3231 cavendum
646 3169 730 3229 delus
749 3176 798 3229 aut
820 3169 939 3246 astutiae
958 3167 1088 3230 deerant.
1101 3182 1117 3230 ι
1150 3161 1178 3230 9

117 3253 250 3332 Namque
277 3269 294 3312 a
322 3252 465 3330 principio
494 3253 661 3315 consulatus
682 3254 728 3313 sui
748 3251 837 3312 multa
857 3251 1020 3328 pollicendo
1038 3261 1118 3327 pers

117 3336 254 3400 Fulviam,
265 3337 417 3404 effecerat,
439 3341 472 3395 nt
485 3337 519 3408 Q.
535 3337 654 3412 Curius,
673 3335 710 3396 de
725 3354 783 3414 quo
798 3333 887 3412 paulu
900 3341 966 3395 ante
979 3349 1089 3392 meme·

116 3421 186 3487 rari,
204 3421 321 3482 consilia
333 3419 469 3481 Catilinae
484 3419 705 3497 sibiprnderet:
717 3419 754 3479 ad
767 3419 825 3480 hcc
839 3415 990 3503 conlegam
1005 3433 1118 3482 suuma
