2548 3930
269 253 311 292 nn
333 247 439 293 nunno
461 221 661 295 rvuvnrnmo
686 252 714 294 c.
736 243 780 297 56.
801 242 843 298 57.
867 243 910 297 58.
1005 249 1007 259 ¹
1038 233 1078 294 73

104 401 140 458 dt
160 399 216 469 ille,
240 418 314 478 quae
333 397 543 476 parabantura
563 403 693 479 perfugis
711 400 845 469 edoctus,
866 401 979 478 magnis
995 401 1105 464 itinn-2

103 482 184 566 ribus
197 482 345 544 Metellum
356 485 512 544 antevenit:
529 484 689 562 oppidanos
704 484 838 545 hortatur
850 487 964 544 moenia
978 483 1078 544 deien-

105 567 182 636 dant,
203 567 306 627 additis
327 566 431 626 auxilio
450 568 590 645 perfugis,
614 569 692 646 quod
718 586 809 646 genus
828 587 863 628 cx
886 569 976 644 copiis
990 569 1077 644 regis,

104 652 172 728 qula
183 649 284 711 fallere
299 649 446 728 nequibat,
462 651 670 712 firmissumum
680 653 751 721 e'rat
764 660 916 729 praeterea
926 648 1080 728 pollicetur

79 736 133 795 sin
154 740 287 810 tempore
308 740 400 794 semet
424 752 489 794 cum
513 738 641 795 exercilu
664 736 772 796 adfore.
1157 791 1163 806 ,

187 817 230 878 Ita
256 817 411 894 conpositis
435 816 559 878 rebus
552 836 581 880 ιιι
605 805 669 878 loca
691 837 778 896 quam
804 835 940 879 maxume
967 816 1106 880 occultat

103 900 234 969 discedit,
250 919 284 960 ac
297 907 364 978 post
375 899 465 997 paulo
482 904 630 979 cognoscit
644 901 768 963 Marium
779 921 815 963 ex
831 904 935 963 itinere
949 894 1080 962 frumen·

101 990 194 1046 tatum
216 1001 283 1045 oum
297 985 398 1062 paucis
414 984 583 1045 cohortibus
606 986 719 1046 Siccam
741 988 875 1054 missum,
897 984 975 1063 quod
998 986 1079 1062 oppi-

105 1067 184 1146 dum¹
195 1070 323 1145 primum
340 1069 469 1145 emulum
490 1075 557 1146 post
572 1068 679 1130 malam
699 1087 828 1146 pugnam
851 1069 888 1128 ab
906 1085 977 1144 rege
1000 1068 1079 1128 dele·

67 1175 94 1214 ro
104 1155 193 1211 cerat.
224 1152 267 1211 Eo
283 1169 350 1212 cum
365 1151 483 1211 delectis
498 1152 642 1232 equitihus
658 1159 748 1213 noctu
761 1153 860 1231 pergit
877 1158 907 1213 et
924 1152 981 1210 iam
996 1163 1108 1227 egra-4

103 1233 248 1296 dientihus
261 1234 400 1295 Romanis
414 1238 443 1295 in
454 1242 539 1312 porta
553 1253 683 1314 pugnam
694 1237 775 1297 facit:
793 1235 879 1296 slmuI
892 1251 997 1312 magna
1009 1251 1081 1294 voce

103 1317 246 1379 Siccensis
266 1318 413 1388 hortatur,
443 1320 485 1380 uti
505 1319 642 1380 cohortis
662 1321 704 1386 ah
724 1326 808 1398 tergo
837 1319 1080 1400 circumveniant:

102 1402 251 1462 fortunam
263 1402 318 1460 illis
331 1402 476 1478 praeclari
492 1403 628 1463 facinoris
639 1422 742 1465 casum
757 1403 844 1464 dare:
867 1406 891 1463 si
904 1403 934 1463 id
948 1402 1079 1469 fecerint,

102 1491 204 1563 postea
225 1501 289 1544 sese
309 1485 339 1543 in
360 1499 468 1560 regno,
487 1485 552 1545 illos
574 1489 604 1546 ιιι
625 1486 758 1547 llbertate
772 1489 834 1547 sine
856 1492 936 1547 metu
958 1490 1081 1546 aetatem

63 1593 92 1634 15
103 1574 229 1628 acturos.
270 1568 312 1628 dc
333 1567 364 1627 ni
380 1567 488 1628 Marius
510 1571 592 1646 sIgna
607 1569 717 1631 inferre
735 1576 821 1648 atque
837 1571 959 1629 evadere
974 1567 1109 1645 oppido5

102 1654 330 1728 properavisset,
350 1650 483 1727 prolecto
505 1653 601 1712 cuncti
622 1658 673 1712 aut
693 1669 798 1730 magna
818 1669 889 1730 pars
903 1652 1082 1712 Siccensium

102 1735 192 1794 fidem
203 1735 405 1794 mutavissent:
421 1741 500 1794 tanta
511 1734 670 1796 mohrhtate
681 1754 745 1797 sese
755 1736 897 1797 Numidae
909 1741 1008 1812 agunt
1032 1733 1108 1794 Seto

11 1849 16 1856 ·
102 1817 208 1878 milites
218 1817 402 1916 Iugurthini,
425 1819 574 1910 paulisper
595 1819 632 1884 ah
653 1837 724 1896 rege
739 1821 904 1888 sustentati,
927 1825 1112 1896 postquam

102 1903 213 1962 maiore
230 1903 257 1961 vi
271 1901 374 1961 hostes
388 1891 523 1980 urguent,
546 1905 647 1981 paucis
663 1905 773 1964 amissis
787 1905 905 1981 profugi
919 1901 1080 1963 discedunt.

62 2007 93 2046 ro
185 1985 293 2046 Marius
305 1985 351 2058 ,ad
374 1986 491 2047 Zamam
512 1989 654 2065 pervenit.
695 1988 729 2049 Id
752 1988 904 2066 oppidum,
926 1989 956 2048 iu
977 2001 1080 2062 campo
1091 1980 1131 2043 57

102 2071 197 2138 situm,
219 2071 312 2166 magis
326 2087 415 2148 opere
431 2088 529 2168 quam
533 2079 636 2131 natura
651 2075 795 2133 munitum
810 2079 881 2140 erat,
897 2070 1005 2130 nullius
1019 2069 1082 2127 ido-

101 2170 174 2212 neae
193 2155 237 2212 rei
254 2168 352 2227 egeus,
369 2155 458 2212 armis
479 2156 603 2233 virisque
627 2155 805 2231 opulentum.
837 2153 929 2228 Igitur
950 2150 1132 2210 Metellus2

101 2252 157 2313 pro
173 2241 305 2312 tempore
323 2245 409 2314 atque
422 2235 488 2295 loco
502 2239 611 2312 paratis
632 2237 721 2296 rebus
737 2242 842 2296 cuncta
862 2235 977 2294 moenia
998 2250 1082 2293 exer·
1210 2301 1214 2317 Ι

103 2320 161 2378 citu
173 2319 371 2385 circumvent,
383 2316 485 2392 legatis
496 2320 611 2395 inperat
622 2319 674 2378 uhi
684 2321 806 2397 quisque
821 2323 947 2378 curaret
970 2315 1106 2378 IleInde3

59 2403 186 2478 25signo
209 2401 276 2460 dato
295 2401 423 2478 undique
445 2401 531 2460 simul
552 2401 662 2461 clamor
684 2403 786 2478 ingens
807 2402 908 2469 oritur,
931 2407 1026 2477 neque
1047 2415 1082 2460 ea

102 2502 152 2544 res
162 2484 302 2544 Numidas
316 2490 422 2543 terret:
438 2484 543 2544 intensi
558 2486 718 2562 intentique
731 2487 793 2545 sine
807 2484 933 2545 tumultu
948 2489 1081 2544 manent:

88 2567 248 2646 ¹proelium
270 2569 416 2645 incipitur.
465 2567 604 2636 Romani,
630 2586 684 2645 pro
704 2571 821 2646 ingenio
847 2570 985 2653 quisque,
1012 2582 1107 2644 parsu

104 2653 216 2712 eminus
232 2651 337 2728 glande
353 2658 402 2713 aut
413 2650 558 2730 lapidibus
573 2668 715 2729 pugnare,
731 2652 778 2712 alii
792 2652 952 2713 succedere
968 2669 1002 2710 ac
1016 2667 1081 2708 mu-

103 2753 171 2796 rum
186 2734 448 2814 modosubtodere
463 2736 551 2796 modo
566 2735 651 2795 scalis
666 2736 800 2812 adgredi,
815 2753 924 2813 cupere
937 2733 1082 2812 proelium
1114 2771 1116 2779 ,

59 2847 91 2887 30
104 2822 134 2880 ιιι
155 2819 291 2879 manibus
308 2820 415 2880 Iacere.
449 2819 557 2878 Contra
579 2837 612 2879 ca
629 2819 765 2897 oppidani
785 2821 815 2878 ιιι
836 2833 996 2894 proxumos
1015 2829 1109 2878 sanat>

102 2901 228 2970 volvere,
241 2902 330 2976 sudis,
342 2902 409 2978 pila,
422 2909 575 2978 praeterea
586 2904 682 2980 picem
697 2901 808 2962 sullure
823 2910 851 2962 et
864 2901 947 2961 taeda
963 2899 1082 2959 mixtum

78 3049 81 3058 ,
104 2985 217 3046 ardenti
233 2987 356 3044 mittere.
387 2985 437 3046 Set
445 3003 489 3044 ne
505 2984 568 3044 illos
582 2987 709 3064 quidem,
726 2987 775 3063 qui
790 2983 893 3062 procul
907 2988 1107 3052 manserantc

101 3072 192 3131 timor
207 3067 296 3127 animi
311 3069 380 3127 satis
396 3070 576 3128 muniverat:
592 3087 660 3130 nam
673 3068 829 3147 plerosque
846 3067 938 3128 iacula
952 3075 1081 3127 tormen-

106 3155 143 3212 tis
158 3162 208 3213 aut
220 3169 308 3212 manu
325 3153 430 3216 emissa
443 3151 642 3221 vulnerabant,
662 3153 784 3230 parique
799 3152 930 3229 periculo
945 3157 989 3211 set
1005 3150 1082 3210 fama

63 3260 92 3299 35
106 3238 201 3313 inpari
223 3235 293 3296 honi
309 3237 417 3314 atque
409 3237 504 3313 ignavi
521 3243 628 3295 erant·

189 3319 263 3379 Ilum
279 3320 356 3396 apud
371 3318 489 3379 Zamam
507 3321 548 3378 sic
571 3327 708 3389 certatur,
729 3318 889 3396 Iugurtha
885 3318 1080 3416 exinproviso
1091 3311 1131 3376 58

105 3409 200 3465 castra
220 3403 345 3463 hostiurn
361 3421 428 3462 cum
443 3405 797 3501 magnamanuinvadit:
820 3404 957 3470 remissis,
980 3401 1081 3478 quiin

103 3485 250 3567 praesidio
266 3495 357 3556 erant,
376 3494 405 3546 et
427 3489 522 3546 omnia
544 3489 636 3566 mag1s
658 3503 745 3566 quam
765 3487 920 3567 proelium
926 3490 1079 3562 expectan-
