2548 3930
121 217 124 221 ’
278 229 320 270 ne
342 227 444 271 nabao
467 227 667 272 mereamus
692 227 720 304 ⁰2
741 220 782 276 66.
803 219 856 276 67.1
872 222 915 278 68.
951 209 953 214 ’
1048 211 1088 274 79

111 376 166 445 let,
196 383 224 437 et
246 391 382 438 maxume
404 377 610 447 Numidarum,
637 379 753 455 ingenio
780 377 894 447 mobili,
921 371 1089 440 seditiosum

112 467 199 538 atque
219 460 432 521 discordiosum
452 468 523 531 erat,
545 463 682 539 cupidum
701 475 843 524 novarum
863 477 977 532 reram,
1000 465 1089 543 quieti

111 549 141 604 et
162 545 220 604 otio
244 544 409 604 advorsum.
447 545 524 606 Dein·
534 547 690 623 conpositis
707 548 784 607 inter
796 557 832 608 se
852 546 943 608 rebus
961 549 991 606 in
1012 547 1088 608 diem

109 630 229 688 tertium
250 629 436 698 constituunt,
460 629 538 708 quod
559 631 583 688 is
598 629 688 690 festus
708 630 930 710 celebratusque
950 649 1005 708 per
1027 641 1088 690 om·

87 727 180 790 anem
199 711 327 772 Africam
348 711 450 773 ludum
472 720 501 773 et
518 713 667 779 lasciuiam
685 716 777 792 magis
801 727 895 794 quam
904 715 1088 775 formidinem

110 796 284 857 ostentabat.
329 796 388 866 Set„
398 795 450 856 ubi
469 803 587 874 tempus
608 796 672 865 init,
692 800 878 859 centuriones
893 799 1113 877 tribunosque3
1212 781 1214 786 ¹

109 877 243 940 militaris
265 888 294 940 et
311 881 407 958 ipsum
430 880 610 958 praelectum
630 882 744 960 oppidi,
775 875 808 942 Τ.
830 883 993 962 dormirem
1015 883 1087 944 Sila·

108 980 191 1033 num,
215 963 288 1023 alius
309 963 397 1024 alium
419 961 522 1024 domos
544 975 611 1024 snas
631 965 761 1033 inritant,
781 979 832 1026 eos
852 959 946 1028 omnis
970 972 1089 1044 praeter

44 1085 48 1088 -
108 1040 275 1127 Turpilium
291 1049 367 1108 inter
390 1047 491 1125 epula's
513 1048 705 1110 obtruncant:
720 1056 822 1127 postea
836 1051 940 1110 milites
954 1051 1086 1128 palantis

69 1132 247 1200 rainermos,
269 1134 377 1210 quippe
392 1133 422 1190 in
436 1131 486 1192 tali
503 1132 567 1201 die,
586 1147 625 1192 ’ae
642 1133 847 1211 sine'inpcriu‚
868 1134 1085 1209 adgrediuntur.

109 1213 190 1294 Idem
216 1213 318 1292 plebes
336 1215 430 1284 lacit,
458 1231 528 1294 pars
550 1216 646 1285 edocti
669 1215 709 1276 ab
729 1215 971 1285 nobilitate-alii
993 1219 1115 1278 stadios

109 1296 210 1358 talium
229 1317 331 1360 rerum
351 1301 475 1368 incitati,
498 1301 563 1378 quis
579 1306 641 1360 acta
657 1299 868 1379 consiliumque
886 1301 1088 1377 ignorantibus

108 1381 250 1442 tumultus
269 1384 331 1458 ipse
353 1390 382 1443 et
403 1399 451 1445 res
473 1401 565 1444 novae
586 1385 655 1443 satis
674 1383 837 1462 placebant.
868 1384 992 1444 Romani
1013 1385 1087 1445 mili·
1098 1383 1138 1444 67

110 1471 168 1533 tes,
194 1466 342 1540 inproviso
356 1473 435 1527 metu
453 1469 558 1534 incerti
577 1469 728 1544 ignarique
751 1469 819 1546 quid
838 1471 1030 1546 potissumum
1039 1469 1087 1529 la·

68 1571 98 1610 15
110 1553 227 1616 cerent,
250 1549 413 1626 trepidare:
437 1547 502 1630 [ad]
524 1565 623 1609 arcem
644 1551 757 1628 oppidi,
782 1551 834 1614 ubi
855 1553 937 1626 signa
957 1559 986 1612 et
1006 1560 1088 1612 scuta

108 1638 200 1700 erant,
215 1630 252 1710 Γ*
268 1631 433 1712 obsidebat]
444 1630 622 1710 praesidium
634 1632 769 1702 hostium,
781 1640 883 1710 portae
895 1642 962 1695 ante
973 1636 1088 1696 clausae

107 1712 400 1792 iugaprohibebant:
417 1717 454 1776 ad
469 1715 527 1776 hoc
540 1711 678 1776 mulieres
688 1717 831 1796 puerique
845 1731 902 1794 pro
915 1721 998 1778 tectis
1010 1719 1087 1778 aedi·

106 1799 242 1858 liciorum
258 1811 326 1860 sara
342 1805 371 1860 et
389 1799 453 1868 alia,
470 1813 546 1878 quae
565 1797 652 1858 iocos
672 1799 847 1877 praebebat,
870 1803 999 1861 certatim
1020 1805 1087 1861 nait·

106 1888 179 1942 tere.
222 1881 268 1960 lta
287 1900 382 1962 neque
405 1886 501 1944 caveri
516 1895 623 1960 anceps
634 1882 756 1962 malum,
769 1895 867 1964 'neque
882 1899 896 1945 a
913 1885 1112 1949 fortissumisa

66 1985 98 2026 20
107 1966 316 2026 infirmissumo
330 1969 541 2042 gencriresisu·
556 1969 752 2044 posseuiuxta
766 1967 837 2029 boni
845 1968 991 2050 malique,
1012 1977 1086 2030 stre·

64 2119 76 2140 N
106 2050 158 2108 nui
174 2055 202 2109 et
216 2042 340 2111 inbelles
350 2051 438 2112 ,inulti
449 2051 630 2112 obtruncari.
659 2051 838 2114 lucutenta
854 2055 1007 2133 asperitate
1023 2067 1110 2119 sae-3

106 2135 240 2194 vissumis
257 2133 390 2195 Numidis
405 2141 433 2195 et
449 2135 556 2214 oppido
571 2135 700 2212 undique
714 2135 814 2196 clauso
831 2135 979 2214 ‘lurpdius
1000 2153 1085 2212 prae·

107 2217 201 2278 iectus
219 2234 296 2278 unus
316 2235 354 2278 ex
372 2219 508 2279 omnbus
525 2219 632 2278 italicis
653 2221 779 2278 intactus
800 2219 938 2296 protegit.
982 2217 1014 2278 ld
1032 2222 1086 2278 mi-

108 2301 305 2362 sericordiane
317 2301 438 2378 hospius
450 2310 500 2362 aut
511 2301 647 2378 pactitum
658 2313 777 2361 aacasu
788 2303 827 2360 ita
839 2303 966 2378 evenerit
979 2317 1086 2378 parum

65 2405 97 2445 25
109 2385 310 2462 conperimus,
328 2384 533 2464 nisi,quiailli
550 2387 674 2446 intanto
693 2384 769 2444 malo
789 2387 882 2462 urrpis
902 2387 958 2444 ona
970 2387 1086 2463 integra

98 2467 184 2530 -iama
199 2471 295 2546 potior
314 2470 377 2537 luit,
395 2468 538 2546 inprobus
558 2463 786 2548 intestabilisque
801 2469 929 2529 uidetur.

191 2545 338 2621 Metellos,
367 2558 522 2631 postquam
549 2553 585 2612 de
606 2551 696 2613 rebus
717 2553 828 2613 Vaccae
846 2555 920 2613 :actis
942 2556 1083 2632 conperit,
1096 2559 1135 2622 68

105 2635 261 2716 paulisper¹
278 2643 406 2716 maestus
428 2656 464 2697 ex
486 2642 644 2715 conspectu
672 2631 746 2696 abit:
774 2637 893 2708 deinde,
919 2637 972 2699 ubi
993 2640 1036 2698 ira
1058 2644 1087 2698 et

107 2722 260 2796 aegritudo
282 2723 425 2798 permixta
441 2727 517 2790 sunt,
541 2731 608 2782 o'urn
623 2718 758 2781 maxuma
779 2721 956 2782 cura‘ultnm
976 2723 1019 2783 ire
1038 2724 1084 2780 m

65 2823 96 2866 sc
106 2805 195 2866 iurias
210 2803 334 2864 festinat.
363 2805 532 2881 Legionem,
549 2817 618 2865 oum
633 2818 690 2884 qna
700 2804 901 2874 'memleben-at
916 2817 1004 2882 quarn
1016 2804 1112 2880 pin-2
1186 2797 1194 2808 “

105 2904 208 2948 rumos
232 2892 328 2965 potest
352 2887 492 2948 Numidas
517 2890 632 2967 equites
654 2891 763 2966 pariter
793 2899 860 2948 omn
881 2899 992 2970 occasu
1018 2886 1085 2946 solis

107 2970 258 3047 expeditos
278 2970 374 3030 educit
390 2977 419 3030 et
433 2978 551 3048 postero
567 2973 615 3033 die
629 2974 745 3032 circiter
760 2969 864 3030 horam
881 2971 1000 3030 tertiam
1016 2985 1085 3049 per·

105 3055 185 3116 venit
206 3056 236 3114 in
258 3053 403 3132 quandam
419 3054 585 3132 planitiam,
607 3055 679 3116 iocis
698 3052 789 3134 paulo
812 3053 1012 3131 superioribus
1028 3057 1084 3116 cir-

107 3135 300 3200 cumventam.
344 3136 387 3197 ibi
403 3137 510 3199 militas
525 3139 618 3201 masos
630 3139 743 3200 itineris
757 3138 960 3214 magnitudine·
975 3146 1005 3199 et
1024 3142 1109 3202 iuna

64 3246 97 3288 aa
107 3223 262 3285 abnuentis
277 3223 373 3281 omnia
390 3221 489 3290 docet,
544 3225 648 3300 pidum
663 3221 855 3282 vaccam-nun
871 3223 994 3302 amplius
1004 3221 1083 3281 mille

106 3317 246 3387 passuum
262 3305 382 3366 abesse:
406 3305 512 3366 decere
547 3307 591 3368 los
605 3307 728 3368 relicum
740 3306 870 3368 laborem
882 3323 975 3385 aequo
987 3307 1084 3364 animo

107 3392 176 3470 pati,
194 3391 264 3451 dnm
276 3407 332 3470 pro
347 3389 457 3452 litibus
473 3392 547 3459 suis,
568 3394 637 3452 uiris
650 3391 825 3451 fortissumis
844 3398 929 3470 atque
944 3390 1082 3448 miserru-

106 3477 176 3544 mis,
191 3489 301 3554 poeuas
317 3479 471 3556 caperent:
488 3481 640 3554 practerea
650 3475 791 3554 praedam
805 3473 931 3551 benigne
949 3476 1082 3532 ostentat.
1150 3521 1154 3537 i

1268 3043 1269 3052 r

1268 3067 1269 3076 r

1218 3101 1223 3108 Ι
