2536 3936
286 173 329 214 nn
352 171 523 214 curramus
546 171 787 220 conannarronu
810 163 902 218 cll.
924 165 968 219 18.
1093 156 1115 218 9
1148 225 1150 232 ‚

136 319 241 387 voterit,
262 322 292 379 in
313 337 407 380 unum
430 319 523 379 omms
539 319 685 390 convocat,
707 319 813 400 quibus
835 338 970 384 maxuma
985 323 1112 384 necessi·

135 404 206 462 tudo
222 409 251 462 et
263 402 433 480 plurumum
450 403 587 462 audaciae
604 405 705 465 inerat.
733 404 776 464 Eo
793 406 955 464 convenere
976 409 1141 468 senatorii3

135 486 247 546 ordinis
262 486 295 546 P.
314 483 455 546 Lentulus
469 486 558 553 Sura,
581 486 613 546 P.
631 487 802 556 iuuenilis,
826 488 857 547 L.
874 487 988 548 Cassius
1005 489 1112 566 Longi·
1206 489 1208 500 '

134 587 207 638 nus,
226 570 262 630 C.
284 569 442 646 Cethegus,
464 569 497 629 P.
515 576 542 629 et
564 570 681 632 Servius
697 571 794 633 Sullae
815 571 897 632 Servi
911 571 975 640 lilii,
993 572 1024 632 L.
1041 572 1111 633 Var-

112 637 281 729 agbnteius,
295 650 329 721 Q.
344 652 463 721 Annius,
476 652 513 711 bl.
525 653 647 714 Porcius
657 654 760 723 Laeca,
773 655 805 714 L.
821 654 926 722 Bestia,
943 655 977 726 Q.
991 655 1111 717 Curius:

107 788 109 796 ,
133 742 288 812 praeterea
307 754 342 796 ex
364 737 492 815 equestri
513 737 615 796 ordine
637 737 674 796 M.
697 737 815 798 Fulvius
829 736 975 805 Nobilior,
997 737 1029 796 L.
1047 739 1140 803 Sta-4

133 818 222 888 tilius,
235 817 268 878 P.
290 815 439 898 Gabinius=
452 819 567 896 Capito,
591 821 624 880 C.
649 820 815 882 Cornelius:
839 817 876 881 ad
894 820 952 881 hoc
969 820 1052 881 mrdti
1075 841 1111 881 ex

135 901 255 962 coloniis
271 909 300 962 et
316 903 488 980 municipiis,
512 904 589 963 donli
604 903 726 964 nobiles.
761 904 851 964 Erant
871 910 1027 984 praeterea
1042 917 1139 967 con-5

133 985 234 1062 plures
253 985 341 1063 paulo
363 985 505 1047 occultius
534 987 645 1050 consili·
661 989 783 1048 huiusce
803 989 960 1065 participes
987 988 1109 1058 nobiles

98 1087 210 1147 1oquos
228 1071 321 1147 magis
341 1070 546 1130 dominationis
561 1088 629 1149 spes
646 1071 819 1131 hortabatur
837 1089 924 1148 quam
943 1072 1041 1150 inopia
1062 1078 1112 1131 aut

133 1152 189 1218 alia
206 1153 411 1214 necessitudo..
435 1153 571 1214 Ceterum
585 1157 719 1214 iuventus
735 1154 889 1233 pleraque,
911 1163 955 1214 set
973 1161 1140 1218 manumet>
1206 1157 1210 1165 '

132 1235 291 1306 nobilium,
315 1237 452 1298 Catilinae
466 1238 590 1315 inceptis
603 1238 733 1299 favebat:
749 1237 855 1317 quibus
870 1239 901 1296 in
916 1239 974 1298 otio
989 1237 1034 1297 vel
1048 1257 1110 1298 ma-

43 1367 46 1378 .
133 1320 297 1396 gnificevel
311 1320 438 1381 molliter
452 1323 549 1382 rivere
564 1323 647 1402 copia
659 1328 729 1390 erat,
741 1324 853 1382 incerta
866 1339 922 1400 pro
934 1323 1029 1390 certis,
1048 1321 1110 1382 bel-

133 1401 195 1462 lum
215 1422 303 1482 quam
317 1404 595 1482 pacemmalebant.
629 1405 725 1466 Fuere
741 1407 810 1466 item
825 1424 859 1465 ea
872 1411 1042 1484 tempestate
1061 1407 1137 1484 quit

97 1504 123 1545 1⁶
134 1487 289 1548 crederent
309 1488 346 1565 tt.
369 1488 512 1548 Licinium
534 1488 671 1549 Crassum
688 1507 748 1548 non
766 1490 902 1565 ignarum
924 1489 986 1548 eius
1008 1488 1111 1549 consili

132 1571 237 1630 luisse:
253 1573 320 1649 quia
335 1571 390 1630 Cn.
407 1571 572 1648 Pompeius,
589 1573 698 1631 invisus
714 1573 777 1648 ipsi,
794 1589 934 1648 maguum
951 1574 1111 1631 exercitum

98 1684 104 1694 =
133 1653 280 1721 ducebat,
297 1654 422 1712 cuiusvis
438 1670 509 1731 opes
522 1651 647 1712 voluisse
662 1659 764 1712 contra
780 1652 857 1712 illius
871 1655 1031 1729 potentiam
1046 1671 1109 1713 cre·

133 1752 234 1804 scere,
257 1734 343 1796 simul
358 1736 515 1805 confisum,
537 1737 562 1795 si
579 1737 740 1798 coniuratio
756 1735 906 1804 valuisset,
927 1733 1011 1796 lacile
1033 1737 1111 1814 apud

132 1817 197 1878 illos
211 1820 423 1899 principemus
439 1820 512 1880 fore.

97 1922 124 1962 co
218 1903 375 1978 Setantea
396 1904 464 1964 item
488 1905 683 1965 coniuravere
698 1905 785 1982 pauci
805 1910 906 1964 contra
928 1921 992 1964 rem
1012 1903 1107 1981 publi·
1122 1897 1161 1961 18

66 2053 70 2060 ,
133 2003 206 2055 cam,
219 1987 249 2045 in
261 1986 366 2067 quibus
378 1987 497 2048 Catilina
507 1984 576 2060 tuiti
593 1989 630 2049 de
642 2003 811 2068 quaquam
823 1988 982 2049 verissume
996 1993 1109 2066 potero,

133 2070 236 2130 dicam.
259 2070 292 2130 L.
317 2069 402 2130 Tullo
421 2070 458 2130 Μ’
478 2072 586 2152 Lepido
607 2071 775 2132 consulibus
795 2069 828 2130 P.
850 2071 1008 2132 Autronius
1029 2077 1058 2130 et
1076 2072 1137 2131 tte

133 2152 222 2222 Sulla,
237 2154 379 2230 designati
393 2153 535 2224 consules,
551 2154 665 2230 legibus
680 2154 805 2215 ambitus
820 2154 990 2230 interrogati
1001 2171 1111 2230 poenas

132 2237 283 2297 dederant.
322 2236 391 2296 Post
412 2236 500 2312 paulo
522 2237 656 2305 Catilina,
671 2238 864 2313 pecuniarum
881 2236 1140 2313 repetundarum3

98 2337 215 2387 careus,
237 2318 403 2396 prohibitus
428 2326 491 2377 erat
514 2319 695 2378 consulatum
713 2325 814 2394 petere
840 2317 933 2396 [quod
947 2320 1022 2377 iutra
1038 2317 1110 2394 legi·

62 2463 68 2475 ,
132 2409 229 2462 turnos
244 2402 306 2461 dies
318 2400 451 2478 profiteri
470 2399 655 2480 nequiverit}
692 2401 763 2461 Erat
784 2401 886 2462 eodem
901 2409 1034 2480 tempore
1049 2402 1138 2462 Ito-4

131 2503 198 2546 mcc
211 2485 266 2546 Cn.
281 2483 358 2554 Piso,
375 2482 547 2546 adulescens
562 2483 676 2556 nobilis,
693 2502 824 2546 summae
844 2486 992 2554 audaciae,
1009 2502 1108 2561 egens,

131 2571 279 2637 factiosus,
291 2587 379 2648 quem
390 2569 426 2629 ad
437 2568 668 2645 perturbandam
679 2568 898 2647 rempublicam
913 2570 1011 2646 inopia
1021 2575 1108 2648 atque

132 2653 200 2714 mali
222 2669 320 2712 mores
341 2649 536 2712 stimulabant.
587 2651 658 2712 Cum
681 2652 738 2712 hoc
761 2650 880 2712 Catilina
902 2660 930 2711 et
951 2653 1136 2713 Autroniust

99 2761 124 2800 oo
133 2737 248 2798 circiter
263 2736 361 2796 Nonas
376 2736 545 2797 Decembris
559 2735 678 2796 consilio
694 2735 898 2796 conmunicato
913 2735 1058 2813 parabant
1078 2736 1109 2793 in
1188 2755 1189 2760 ¹

133 2819 272 2896 Capitolio
286 2818 423 2881 Kalendis
437 2820 579 2880 ianuariis
589 2819 621 2879 L.
634 2819 746 2880 Cottam
762 2824 792 2879 et
801 2818 833 2878 L.
846 2816 1028 2895 Torquatum
1040 2833 1109 2878 con·

127 2901 210 2966 ¹sules
225 2897 411 2973 interficere,
421 2904 477 2982 ipsi
491 2903 618 2972 fascibus
634 2901 930 2980 conreptis‘Pisonem
948 2919 1013 2961 cum
1026 2919 1108 2962 exer·

136 2987 193 3046 citu
215 2986 251 3045 ad
274 2985 445 3048 obtinendas
466 2987 538 3048 duas
559 2987 714 3065 Hispanias
732 2987 857 3046 mittere.
881 2981 991 3030 eecce
1013 2983 1053 3045 Ea
1075 2995 1138 3046 reo

51 3067 58 3133 j
134 3071 258 3146 cognita.
267 3071 369 3129 rursus
386 3071 415 3129 in
432 3071 531 3132 Nonas
545 3070 720 3132 Februarias
738 3067 889 3129 consilium
903 3069 999 3129 caedis
1015 3075 1109 3130 transt

102 3152 268 3214 attulerant.
314 3151 375 3212 lam
393 3159 456 3213 tum
484 3172 544 3214 non
573 3153 740 3215 consulibus
761 3151 863 3221 modo,
893 3159 937 3212 set
961 3152 1135 3230 plerisquea

23 3260 32 3281 s
135 3235 317 3298 senatoribus
332 3237 486 3313 pernitiem
497 3237 748 3307 machinabantur,
772 3233 899 3318 Quodni
914 3235 1033 3296 Catilina
1047 3243 1137 3294 ma·8

134 3326 260 3380 iurasset
279 3337 335 3399 pro
356 3320 440 3380 curia
461 3322 578 3396 siguum
594 3321 681 3381 sociis
700 3319 784 3388 dare,
807 3337 841 3379 eo
859 3319 904 3379 die
922 3325 988 3395 post
1010 3316 1108 3376 condi-

133 3409 192 3462 tam
204 3403 309 3464 urbem
323 3401 447 3465 Romam
458 3420 629 3483 pessumum
639 3403 751 3470 lacinus
765 3409 912 3485 patratum
927 3401 1012 3460 loret.
1035 3397 1108 3470 Quia
