2536 3936
287 191 330 232 nu
352 190 526 241 curremus
551 190 792 233 oomvnarroun
814 181 908 238 c..52.
1044 171 1084 234 29

107 327 158 399 ali'i
172 339 250 399 varie
268 335 513 398 adsentiebantur.
547 339 583 398 At
603 339 639 399 M.
656 339 777 399 Porcius
789 337 867 406 Cato,
885 346 1005 417 rogatus
1019 332 1085 402 sen‘·
1111 341 1115 356 '

31 447 33 456 ’
107 423 243 489 tentiam,
266 421 388 481 huiusce
404 421 483 481 modi
497 424 657 482 orationem
671 420 786 482 habuit:
1073 493 1077 510 Ι

194 504 303 581 ‘Longe
324 504 378 564 alia
390 504 461 564 mihi
475 522 559 564 mens
575 512 633 574 est,
648 511 746 582 patres
761 506 931 584 conscripti,
955 525 1022 570 cum
1035 527 1109 578 ress

108 595 197 667 atque
206 586 341 666 ,pericula
355 593 461 652 nostra
475 588 636 658 considero,
661 595 690 648 et
707 606 773 649 cum
787 591 944 664 sententias
959 595 1083 654 nonnul·
1181 619 1184 630 ¹

83 670 208 750 clerum
228 673 291 748 ipse
313 688 428 731 mecum
449 678 564 748 reputo.
605 671 649 732 llli
667 673 738 732 mibi
751 671 930 756 disseruisse
951 675 1109 747 videntur3

111 754 149 813 de
164 771 260 832 poena
282 772 401 823 eorum,
423 757 472 833 qui
492 757 602 832 patriae
622 754 806 834 parentibus,
829 756 888 815 aris
909 763 996 836 atque
1012 757 1085 822 focis

108 837 170 896 suis
185 835 295 896 bellum
311 855 467 916 paravere:
486 846 648 900 rosentem
665 846 765 899 monet
779 855 882 906 cavere
899 839 935 900 ab
953 840 1008 901 illis
1022 861 1083 905 ma·
1124 833 1158 928 [ἴ

107 921 153 995 gis
176 939 263 999 qnam
282 923 353 1000 quid
374 923 405 981 in
426 920 492 982 illos
512 928 674 985 statuamus
694 920 868 982 consultare.
893 923 966 984 Nam
988 931 1117 991 ceteras

38 1003 40 1012 “
72 999 76 1007 ’
115 1003 250 1064 malificia
266 1011 326 1064 tum
345 1021 538 1087 persequare,
562 1006 612 1067 nbi
629 1006 704 1066 facta
721 1011 807 1065 sunt:
828 1004 894 1076 hoc,
918 1008 972 1068 nisi
988 1013 1084 1086 provi-

71 1106 98 1146 1o
108 1085 187 1146 deris
203 1091 254 1147 ne'
267 1089 392 1156 accidat,
409 1088 461 1148 ubi
479 1091 587 1158 evenit,
603 1090 712 1151 frustra
725 1087 830 1149 indicit
840 1088 984 1166 inplores:
1001 1099 1084 1171 capta

106 1169 183 1231 urbe
204 1171 277 1232 nihil
296 1173 329 1234 m
350 1171 452 1233 relicui
473 1173 564 1233 victis.
602 1174 661 1241 Set,
683 1191 737 1250 per
756 1172 826 1232 deos
839 1172 1013 1243 inmortalis,
1032 1191 1109 1241 voss

108 1269 163 1329 ego
179 1254 303 1333 adpelle,
323 1257 372 1334 qni
388 1261 505 1334 semper
520 1256 623 1317 domos
636 1256 730 1325 villas,
747 1257 829 1333 signa
844 1254 958 1317 tabidas
972 1265 1084 1321 vostras

107 1336 201 1414 pluris
223 1356 312 1416 quam
332 1356 397 1400 rem
418 1339 566 1417 publicam
587 1339 712 1400 fecistis:
738 1341 763 1400 si
784 1341 852 1408 ista,
876 1341 1084 1422 cuiuscumque

25 1417 31 1423 ’
107 1420 188 1480 modi
201 1427 269 1480 sunt
283 1439 358 1501 qnae
372 1421 590 1500 amplexamini,
609 1425 751 1492 retinere,
776 1425 800 1483 si
819 1421 1014 1502 voluptatibus
1034 1447 1085 1487 vo·

73 1519 97 1560 rs
107 1504 175 1566 stris
195 1506 286 1565 otium
302 1505 446 1584 praebere
463 1507 562 1580 voltis,
575 1507 807 1583 expergiscimini
817 1505 972 1585 aliqnando
993 1517 1022 1570 et
1036 1527 1083 1570 ca·

106 1588 214 1665 pessite
237 1605 301 1648 rem
322 1586 479 1666 publicam.
519 1588 584 1648 Non
606 1590 701 1664 agitur
723 1589 758 1648 de
780 1589 969 1664 vectigalibus
988 1604 1109 1673 nequeo

107 1668 143 1730 de
161 1672 309 1730 sociorum
324 1671 452 1730 iniuriis:
475 1668 595 1752 libertas
611 1677 639 1730 et
653 1672 749 1731 anima
763 1677 863 1730 nostra
882 1673 912 1731 in
926 1673 1014 1734 dubio
1030 1683 1082 1736 est.

190 1752 422 1830 Saepenumero,
446 1760 545 1832 patres
567 1755 737 1833 conscripti,
760 1753 849 1815 multa
868 1754 957 1815 rerba
978 1758 1009 1817 in
1024 1755 1106 1840 horr¹

106 1835 208 1896 ordine
223 1837 296 1906 feci,
320 1855 407 1915 saepe
422 1838 458 1898 de
478 1836 593 1899 luxuria
612 1845 698 1918 atque
719 1839 836 1900 avaritia
858 1846 1026 1901 nostrornm
1044 1844 1083 1903 ei·

72 1921 183 1980 aovium
205 1927 325 1999 questus
340 1939 422 1990 sum,
444 1920 607 2001 multosque
628 1921 757 1984 mortalis
779 1940 812 1983 ea
828 1921 929 1983 causs'a
945 1924 1083 1986 advorsos

105 2001 214 2063 habeo:
237 2006 288 2083 qui
308 2005 380 2066 mibi
398 2012 485 2084 atque
506 2008 603 2067 animo
617 2024 684 2068 meo
701 2005 808 2068 nullius
828 2021 968 2084 umquam
988 1997 1108 2073 delictit

105 2089 226 2164 gratiam
247 2087 397 2158 fecissem,
423 2089 495 2151 hant
525 2090 609 2151 facile
630 2089 749 2150 alterius
768 2088 899 2151 lubidini
913 2089 988 2151 male
1008 2091 1082 2154 lacta

105 2169 315 2233 condonabam.
357 2172 407 2232 Set
425 2191 458 2232 ea
476 2175 591 2234 tametsi
609 2191 660 2232 vos
677 2175 759 2252 parri
781 2171 961 2250 pendebatis,
984 2180 1107 2246 lemene

105 2271 152 2313 res
173 2249 292 2332 publica
313 2255 398 2314 firma
421 2263 498 2315 erat:
524 2254 671 2333 opulentia
693 2254 907 2332 neglegentiam
928 2254 1080 2318 tolerabat.

71 2335 189 2396 esNune
210 2355 280 2395 vero
299 2355 359 2397 non
377 2337 407 2396 id
428 2340 530 2414 agitur,
552 2337 675 2399 bonisne
697 2356 733 2397 an
755 2337 837 2399 malis
853 2337 984 2398 moribus
1002 2341 1124 2404 riva-10

107 2437 181 2488 mus,
197 2431 293 2498 neque
309 2426 450 2499 qnantum
464 2425 515 2480 aut
529 2436 616 2499 quam
626 2421 813 2498 magnificum
823 2423 968 2498 inperium
982 2425 1083 2502 populi
1145 2473 1167 2484 ,

104 2502 228 2564 Romani
245 2505 296 2572 sit,
320 2511 364 2566 set
384 2504 458 2565 haec
480 2505 690 2583 cuiuscumque
711 2506 791 2566 modi
811 2506 959 2576 videntur,
982 2515 1082 2571 nostra
1139 2495 1177 2568 l*

105 2603 141 2646 an
161 2586 315 2648 nobiscnm
329 2606 388 2650 una
401 2589 530 2655 bostium
545 2587 643 2649 futura
662 2589 728 2650 sint.
771 2590 825 2664 Hic
842 2588 913 2650 mibi
927 2592 1080 2671 qnisquam
1090 2599 1122 2652 tl

104 2672 356 2733 mansuetudinem
382 2679 410 2732 et
441 2672 671 2734 misericordiam
698 2674 836 2734 nominat.
883 2672 945 2735 lam
966 2675 1080 2752 pridem

70 2752 238 2832 aoequidem
259 2771 314 2814 nos
334 2759 403 2816 rer'a
430 2754 569 2817 vocabula
594 2773 694 2833 rernm
721 2759 887 2818 amisimus:
915 2759 981 2835 quia
1004 2757 1081 2818 bona

37 2891 40 2898 .
105 2835 197 2896 aliena
212 2835 312 2914 largiri
332 2837 499 2907 liberalitas,
515 2838 659 2900 malarum
680 2857 780 2900 rerum
800 2840 920 2902 audacia
941 2839 1080 2902 fortitudo

105 2924 238 2987 vocatur,
268 2937 303 2980 eo
325 2922 511 3000 respublica
533 2924 563 2982 in
585 2929 715 2983 extremo
737 2925 790 2984 sita
812 2930 865 2983 est¹
916 2921 979 2984 Sint
998 2941 1077 2996 sane,
1090 2946 1122 2998 12

104 3003 240 3080 quoniam
252 3002 290 3061 ita
302 3020 333 3063 se
347 3023 444 3066 mores
455 3005 573 3074 babent,
585 3004 720 3068 liberales
732 3025 768 3068 ex
782 3007 932 3069 sociorum·
944 3006 1077 3078 fortunis,
1096 3044 1098 3048 ,

105 3087 162 3150 sint
184 3086 388 3146 misericordes
409 3088 573 3151 inferibus
595 3092 706 3151 aerari:
728 3109 766 3152 ne
783 3089 824 3151 illi
840 3091 1010 3169 sanguinem
1025 3110 1078 3153 no·

71 3183 95 3222 aa
104 3175 196 3230 strum
206 3169 367 3246 largiantur
379 3177 408 3231 et
418 3171 487 3233 dum
498 3175 597 3252 paucis
609 3173 755 3235 sceleratis
768 3181 901 3257 parcunt,
914 3174 1007 3236 bonos
1016 3194 1077 3237 orn·

105 3253 148 3310 nis
168 3251 316 3329 perditum
337 3261 413 3314 eant.
484 3275 490 3282 ·
531 3254 557 3304 ’-
793 3321 794 3326 1
836 3305 841 3310 .
1055 3287 1059 3295 ,

185 3336 264 3396 Rene
284 3342 313 3397 et
327 3340 476 3416 conposite
491 3340 525 3402 G.
543 3339 648 3402 Caesar
670 3341 757 3420 paulo
778 3327 846 3404 inte
860 3344 890 3402 in
904 3342 961 3402 hoc
975 3340 1076 3402 ordine
1087 3349 1120 3402 13

105 3417 139 3480 de
153 3419 209 3479 rita
231 3427 260 3480 et
274 3427 368 3482 morte
383 3421 527 3492 disseruit,
547 3424 635 3486 credo
649 3425 724 3488 ‘falsa
742 3427 919 3490 existumans
937 3443 980 3494 ca,
1001 3442 1075 3504 quae
1156 3435 1162 3442 '

1103 3276 1166 3296 m
