2536 3936
207 246 249 285 ns
273 231 455 285 curramus*
469 242 709 299 conwnsrroun
731 243 758 285 o.
779 235 823 290 33.
844 236 888 290 at.
911 237 953 292 35.
1028 231 1064 287 17

91 411 189 471 neque
208 400 341 452 nostrum
363 374 697 469 cuiquam‘licuit'more
711 393 856 468 maiorum
876 393 941 469 lege
958 396 1001 454 uti
1014 411 1070 455 ne·

91 495 151 554 que
163 477 269 535 amisso
280 475 454 551 patrimonio
465 472 590 533 liberum
602 491 708 553 corpus
722 475 846 536 babere:
858 482 937 536 tanta
951 480 1066 539 saevitia

66 601 69 606 ι
90 559 293 620 feneratorum
316 564 401 634 atque
418 559 560 634 praetoris
579 555 641 616 fuit.
675 559 767 636 Saepe
789 561 914 620 maiores
926 567 1092 631 rostruma

90 644 214 712 miseriti
233 640 327 718 plebis
347 639 507 708 Romanae,
532 640 666 701 decretis'
677 644 736 702 suis
755 645 869 720 inopiae
888 645 950 703 eius
972 646 1065 727 opitu·

68 725 143 785 slati
163 732 243 792 sunt,
267 742 301 784 ac
316 725 480 784 novissume
497 726 638 784 memoria
664 734 762 785 nostra
783 733 903 805 propter
924 730 1066 804 magnitu-

91 809 193 869 dinem
211 809 286 868 aeris
302 806 386 868 alieni
398 807 560 867 volentibus
574 807 708 868 omnibus
726 809 811 869 bonis
826 815 978 886 argentum
999 827 1067 871 aere

92 885 221 952 solutum
244 897 301 951 est:
318 907 405 968 saepe
423 893 485 968 ipsa
506 889 621 967 plebes,
643 899 693 952 aut
713 893 878 953 dominandi
890 893 985 954 studio
1000 901 1095 970 per-4

93 981 173 1034 mota
188 981 237 1034 aut
251 973 387 1053 superbia
401 975 630 1049 magistratuum,
647 983 756 1035 armata
768 994 784 1035 a
795 977 926 1053 patribus
938 980 1065 1038 secessit.

91 1060 128 1126 At
142 1075 196 1118 nos
205 1076 265 1118 non
278 1059 425 1135 inperium
438 1074 535 1134 neque
550 1057 659 1118 diuitias
673 1061 812 1135 petimus,
830 1076 954 1136 quarum
965 1069 1092 1124 cerutus

58 1159 82 1199 10
93 1160 195 1202 caussa
209 1140 286 1202 bella
302 1148 388 1219 atque
405 1142 560 1201 certamina
577 1143 673 1202 omnia
690 1143 767 1202 inter
782 1141 912 1202 mortalis
928 1150 1009 1212 sunt,
1022 1147 1069 1205 'set

91 1225 266 1293 libertatem,
285 1243 372 1303 11111111
388 1240 474 1284 nemo
489 1223 584 1286 bonus
599 1227 655 1285 nisi
668 1243 736 1286 cum
750 1227 845 1285 anima
862 1225 949 1286 simul
964 1229 1066 1287 amisit.

91 1309 135 1370 Te
158 1316 245 1386 atque
266 1314 399 1370 senatum
422 1307 613 1378 obtestamur,
637 1309 792 1371 consulatis
814 1311 927 1380 miseris
947 1310 1096 1379 civibuso

90 1393 165 1470 legis
180 1393 372 1469 praesidium,
390 1391 468 1469 quod
487 1393 620 1470 iniquitas
635 1395 778 1470 praetoris
793 1395 914 1471 eripuit,
936 1395 1068 1454 restitua-

91 1478 144 1544 tis,
160 1493 232 1536 neve
247 1475 332 1535 nobis
343 1491 407 1536 eam
417 1478 658 1537 necessitudinem
669 1479 828 1554 inponatis,
842 1484 875 1537 ut
886 1494 1068 1555 quaeramus,

58 1577 82 1616 15
93 1576 222 1637 quonam
238 1560 325 1619 modo
340 1576 475 1618 maxume
492 1557 543 1618 ulti
562 1559 732 1634 sanguinem
747 1567 880 1623 nostrum
894 1561 1067 1636 pereamus’.

22 1695 23 1698 ,
92 1642 136 1702 Ad
153 1642 227 1703 baec
241 1643 274 1712 Q.
290 1633 415 1700 Marcius
428 1640 601 1716 respondet:
616 1642 723 1717 siquid
738 1643 774 1700 ab
789 1642 897 1701 senatu
907 1649 1008 1718 petere
1022 1663 1069 1702 re·
1079 1639 1121 1702 34

93 1725 162 1792 lint,
186 1724 328 1798 abarmis
347 1722 508 1789 discedant,
530 1721 652 1782 Romam
667 1723 813 1801 subplices
832 1723 1069 1801 proficiscantur:

23 1847 24 1856 1
95 1825 129 1868 ea
142 1807 364 1867 mansuetudine
379 1812 465 1884 atque
480 1807 678 1866 misericordia
690 1813 826 1868 senatum·
836 1805 937 1886 populi
946 1806 1071 1869 Romani

95 1908 212 1969 semper
237 1889 341 1957 misse,
372 1891 512 1950 ut‘nemo
533 1908 670 1968 umquam
691 1890 727 1951 ab
747 1910 781 1952 eo
802 1890 911 1955 frustra
932 1891 1069 1952 auxilium

23 2003 24 2012 ¹
65 1975 236 2051 aopetiverit.

45 2101 47 2106 ·
93 2084 94 2090 ¹
125 2095 130 2115 1
177 2059 214 2118 At
228 2057 346 2118 Catilina
362 2075 397 2118 er
412 2059 516 2118 itinere
530 2057 902 2142 plerisqueconsularibus,
917 2065 1096 2136 praetereat

95 2149 213 2220 optumo
234 2143 338 2219 mriqrre
357 2140 455 2201 literas
476 2143 576 2202 mittit:
597 2159 628 2201 se
649 2141 728 2201 falsis
750 2142 919 2202 criminibus
942 2144 1068 2201 circum·

94 2232 228 2293 ventum,
243 2227 389 2302 *quoniam
407 2223 524 2284 factioni
545 2225 730 2284 inimicorum
743 2225 881 2284 resistere
897 2224 1068 2298 neqniverit,
1167 2228 1170 2234 ’

95 2309 229 2368 fortunae
251 2307 370 2373 cedere,
384 2305 545 2365 'Massiliam
566 2308 596 2364 in
616 2305 733 2364 exilium
752 2303 910 2381 proticisci,
930 2320 989 2363 non
1012 2321 1074 2397 Q
1125 2341 1142 2396 ς

61 2391 150 2452 sasibi
170 2389 243 2448 tanti
263 2387 382 2448 sceleris
403 2387 536 2446 conscius
557 2392 642 2456 esset,
658 2389 761 2446 satuti
777 2385 955 2464 respublica
973 2388 1070 2464 quieta

96 2474 172 2533 foret
186 2489 259 2531 neve
272 2489 307 2530 ex
324 2488 375 2530 sua
388 2465 570 2530 contentione
586 2468 687 2529 seditio
699 2471 834 2531 oriretur.
864 2469 907 2532 Ab
921 2471 967 2530 bis
983 2470 1095 2547 longea

97 2557 226 2617 divorsas
248 2553 359 2615 litteras
378 2554 412 2624 Q.
433 2551 549 2614 Catulus
572 2554 602 2613 in
623 2560 725 2614 senatu
745 2555 889 2623 recitavit,
915 2572 987 2633 quas
1015 2555 1070 2614 sibi

96 2642 212 2701 nomine
230 2638 366 2700 Catilinae
383 2637 510 2698 redditas
529 2636 668 2715 dicebat„
685 2637 793 2698 Earum
810 2638 975 2715 exemplum
994 2637 1069 2698 infra

97 2725 237 2801 scriptum
258 2730 317 2783 est:
341 2722 382 2782 ‘L.
400 2715 519 2782 Citilina
534 2722 567 2792 Q.
587 2719 708 2782 Catulo.¹
732 2721 856 2799 Egregia
878 2727 927 2782 tua
948 2722 1020 2781 fides
1035 2739 1069 2780 ro
1080 2720 1119 2782 35

22 2813 23 2830 ¹
65 2799 89 2871 ao
99 2809 225 2884 cognita,
242 2812 324 2883 grata
336 2805 408 2865 mihi
421 2807 451 2864 in
464 2806 577 2880 magnis
592 2806 665 2865 meis
681 2805 831 2882 periculis,
851 2804 986 2864 fiduciam
999 2821 1069 2863 con·

28 2938 30 2947 .
98 2887 511 2969 mundationimeaetribuit.
559 2888 651 2958 Quam
679 2888 802 2949 obrem
824 2887 1021 2947 defensionem
1040 2887 1096 2947 1112

98 2990 172 3032 novo
188 2973 307 3033 consilio
317 2989 377 3032 non
391 2973 478 3032 statui
488 2985 607 3049 parare,
625 2970 847 3032 satisfactionem
862 2987 898 3029 ex
911 2969 988 3030 nulla
1001 2987 1069 3031 con-

99 3056 214 3116 scientia
231 3055 267 3114 de
283 3055 373 3133 culpa·
382 3059 549 3133 proponere
563 3054 687 3125 decrevi,
704 3071 805 3132 quam
822 3070 869 3112 me
886 3052 949 3113 dius
960 3043 1067 3123 Fidius:

99 3133 196 3201 reram
216 3137 285 3198 licet
306 3155 472 3214 cognoscas.
502 3138 617 3202 Iniuriis
639 3134 877 3213 contumeliisque
898 3139 1066 3204 concitatus,

68 3247 91 3287 aa
101 3223 175 3300 quod
197 3223 294 3283 fructu
307 3214 416 3282 laboris
433 3223 648 3300 industriaeque
665 3237 748 3280 meae
765 3219 892 3296 privatus
906 3227 1013 3281 statum
1027 3219 1095 3278 ‹ti-a

101 3309 212 3382 gnitatis
232 3324 292 3366 non
313 3304 488 3375 obtinebam]
510 3305 657 3384 publicam
675 3305 847 3364 miserorum
863 3321 993 3365 caussam
1013 3318 1068 3377 pro

100 3407 163 3449 mea
183 3384 392 3451 consuetudine
413 3392 540 3467 suscepi,
563 3407 622 3448 non
638 3388 704 3465 quia
719 3405 767 3448 aes
783 3387 907 3448 alienum
928 3387 1000 3446 meis
1015 3401 1067 3444 no·

101 3473 223 3534 minibus
238 3492 274 3534 ex
287 3473 517 3551 possessionibus
533 3471 644 3532 solvere
658 3487 717 3532 non
730 3487 860 3549 possem,
877 3487 945 3531 cum
960 3467 1070 3530 scilicet

164 3574 296 3627 Sannusr.
431 3593 439 3608 ⁸
696 3611 699 3618 ,
895 3567 918 3629 *2
