2548 3930
288 197 329 240 aa
351 197 453 241 nauco
476 197 676 243 rvovanmuo
697 197 724 240 o.
746 189 788 246 tl.
809 189 850 245 tt.
873 190 915 246 ιι
944 139 950 168 η
1047 177 1084 244 81

116 347 277 406 cruciatum
297 345 403 406 mallet.
428 345 477 406 Set
492 351 559 408 erim
574 363 626 406 cae
640 345 751 408 litterae
774 346 899 416 adbtae,
920 347 995 408 torte
1008 347 1131 409 itan-71

117 425 195 491 dalsa
217 431 344 490 exercito
361 445 485 508 corpore
502 429 596 490 lessus
618 430 648 488 in
669 429 744 491 lecto
759 430 934 510 quiescebat,
950 431 1000 491 ubi
1017 441 1111 506 cog-2

117 514 183 572 nitis
197 511 367 574 Bomilcaris
383 513 480 574 verbis
495 514 590 591 primo
605 529 684 582 eura,
701 515 814 583 deinde,
835 515 877 576 uti
891 529 1012 590 aegrum
1027 515 1087 575 ani·
1181 507 1189 522 '

32 603 36 612 “
117 613 198 656 mum
217 596 310 666 solet,
333 613 452 656 somnus
473 599 557 675 cepit.
592 595 662 656 Erat
676 598 703 658 ei
718 597 839 659 Numida
862 597 978 677 quidam
995 605 1112 674 nego-3

92 681 224 742 stiorum
240 685 373 749 curator,
392 679 467 740 lidus
486 685 679 758 acceptusque
701 688 730 740 ιι
750 683 879 742 omnium
903 682 1088 742 consiliorum

116 763 172 822 nisi
186 763 343 823 novissumi
353 765 506 841 particeps.
529 762 585 832 Qui
595 768 748 842 postquam
763 763 872 826 adlatas
885 764 997 825 litteras
1008 765 1113 826 audi-a

116 847 156 904 rit
178 851 207 905 et
228 863 264 905 cx
286 847 494 907 consuetudine
516 853 596 906 ratus
618 864 706 922 opera
728 854 778 908 aut
802 849 989 924 ingeniosae
1015 864 1088 924 opus

118 947 181 990 esse
208 931 238 990 in
266 928 487 990 tabernaculum
508 931 631 998 introiit,
660 930 822 992 dormiente
849 931 898 992 illo
925 930 1087 1008 epistulam,

119 1029 207 1090 super
230 1014 342 1091 eaput
334 1030 364 1072 ιιι
385 1011 503 1091 pulvino
524 1020 635 1073 temere
657 1015 789 1092 positam,
806 1015 894 1075 sumit
907 1033 942 1074 ac
955 1007 1088 1092 perlefflt,

82 1119 107 1159 ro
120 1096 186 1156 dein
207 1113 334 1176 propere
355 1097 477 1173 cognitis
494 1097 604 1157 insidiis
621 1097 658 1157 ad
679 1107 785 1186 regem
798 1099 900 1174 pergit.
944 1096 1114 1158 Nabdalsaa

117 1178 204 1258 paulo
226 1186 291 1257 post
314 1185 518 1257 experrectus,
546 1179 597 1240 ubi
612 1179 719 1260 neque
741 1180 892 1258 epistulam
912 1183 1042 1259 repperit
1062 1187 1090 1240 et

116 1279 179 1324 rem
197 1281 313 1324 omnem
327 1265 369 1325 uti
385 1270 446 1325 aeta
462 1271 525 1324 erat
538 1267 682 1340 cognovit,
705 1264 800 1342 primo
814 1265 937 1325 indicem
954 1265 1090 1342 persequi

118 1352 254 1414 conatus,
266 1353 419 1425 postquam
430 1347 459 1407 ul
470 1347 578 1408 lrustra
589 1349 656 1415 lurt
675 1347 844 1426 lugurtbam
848 1347 987 1434 placanda
998 1348 1129 1423 gratia

118 1428 246 1488 adsedit.
267 1427 351 1497 dicit,
368 1447 442 1507 quae
459 1433 520 1508 ipsc
537 1433 695 1507 paravisset
709 1432 820 1500 iacere,
839 1426 962 1508 perfidia
979 1430 1089 1491 clientis

81 1535 107 1575 ιι
118 1529 163 1572 ιιι
183 1518 354 1589 praesenta:
372 1510 537 1573 lacrumans
558 1513 718 1574 obtestatur
731 1532 785 1592 per
804 1516 957 1575 amicitiam
978 1531 1093 1593 perque

117 1612 169 1655 sua
191 1601 274 1656 antea
289 1594 411 1656 fideliter
425 1603 487 1656 acta
504 1614 542 1656 ιιι
556 1614 645 1674 super
660 1597 707 1656 tali
721 1597 831 1658 scelere
846 1605 1012 1674 suspectum
1027 1613 1090 1657 sese

117 1676 248 1738 baberet.
291 1678 335 1738 ad
358 1697 477 1749 carex,
505 1678 587 1740 aliter
602 1687 687 1758 atque
708 1682 804 1740 animo
827 1679 955 1758 gerebat,
976 1679 1086 1757 placide
1099 1679 1138 1738 72
1241 1682 1244 1692 ’

120 1761 278 1840 respondit.
301 1761 463 1831 Bomilcare
480 1763 598 1841 aliisque
614 1763 719 1834 multis,
732 1781 806 1844 quos
816 1765 910 1824 socios
921 1763 1089 1824 insidiarum
1110 1825 1112 1834 ,

41 1844 43 1854 ’
121 1851 310 1923 cognoverat,
338 1847 497 1907 interiectis
524 1849 598 1908 iram
625 1846 825 1926 obpresserat,
854 1863 970 1926 nequa
991 1865 1027 1908 ex
1054 1863 1088 1906 eo

66 1951 108 2008 ‘ao
119 1931 234 2005 negotio
252 1930 354 1998 seditio
370 1938 512 1992 oreretur.
542 1930 644 2009 Neque
664 1939 730 2010 post
744 1932 771 1992 id
786 1932 917 1994 locorum
932 1930 1114 2008 Iugurthaea

117 2011 178 2072 dies
199 2019 249 2074 aut
276 2013 421 2074 nonulla
435 2015 530 2094 quieta
551 2016 622 2076 luit.
651 2033 746 2094 neque
770 2015 835 2076 loeo
854 2033 949 2095 neque
975 2012 1088 2076 mortali

117 2098 251 2173 cariquam
272 2105 322 2157 aut
343 2100 468 2175 tempori
494 2099 562 2159 satis
583 2098 720 2167 credere,
752 2099 820 2158 civis
842 2098 989 2175 hostisque
1011 2099 1088 2158 iuxta

115 2185 255 2246 metuere,
271 2181 514 2257 circumspectare
531 2182 628 2240 omnia
642 2187 671 2246 ct
690 2163 770 2241 omni
787 2180 909 2256 strepitu
924 2196 1087 2276 pavescere,

115 2259 171 2322 alio
187 2267 273 2340 atque
288 2259 343 2323 alio
358 2262 431 2330 loco,
446 2279 533 2341 saepe
547 2269 648 2322 eontra
664 2263 753 2324 decus
766 2264 879 2339 regium
894 2268 982 2322 noctu
992 2263 1088 2339 requi·

77 2369 106 2411 ιι
117 2362 231 2414 escere,
258 2345 403 2406 interdum
417 2361 520 2406 somno
534 2353 723 2424 experrectus
738 2345 864 2424 adreptis
879 2347 967 2407 armis
981 2342 1086 2406 tumul·

50 2463 56 2472 ·
117 2435 178 2488 tum
199 2428 311 2488 ιιιιιι.
333 2429 372 2488 ιιι
392 2427 545 2489 tormidine
567 2429 649 2506 quasi
666 2430 798 2492 vecordia
821 2431 969 2506 exagitari.

181 2511 291 2588 igitur
307 2511 453 2581 Metabus,
476 2511 527 2572 ubi
543 2511 579 2574 de
599 2529 667 2573 casn
686 2512 855 2574 Bomilcaris
872 2520 901 2576 et
918 2503 1027 2576 indicio
1034 2530 1087 2592 pa
1072 2518 1128 2578 73

114 2579 229 2655 telacto
234 2613 269 2655 ex
290 2595 420 2674 perlugis
436 2597 583 2672 cognorit,
605 2613 708 2657 rursus
724 2603 871 2676 tamquam
889 2597 925 2660 ad
940 2599 1086 2673 integrum

115 2676 222 2738 bellum
244 2685 347 2739 cuncta
368 2685 451 2757 parat
477 2675 658 2758 festinatque.
708 2679 843 2750 llarium,
863 2682 1041 2758 fatigantem
1051 2680 1112 2740 dea

75 2763 293 2842 suprolectione
315 2763 400 2822 simul
421 2765 479 2824 ιι
471 2765 593 2824 mvisum
615 2770 643 2824 et
664 2763 818 2825 obtensum
836 2763 891 2824 sibi
903 2781 1006 2841 parum
1026 2761 1087 2822 ido·

116 2861 204 2904 neum
230 2851 325 2913 ratus,
351 2845 468 2907 domum
490 2846 612 2907 dimittit.

198 2927 234 2987 Et
247 2927 367 2994 ,Romae
387 2927 488 3006 plebes
508 2929 624 2999 litteris,
653 2949 727 3010 quae
749 2931 785 2992 de
806 2928 921 2989 lletello
941 2945 976 2989 ac
997 2927 1112 2990 Marica
1161 2963 1162 2970 ι
1262 2922 1264 2947 ¹

114 3011 220 3071 missae
237 3017 335 3079 erant,
359 3013 481 3088 cognitis
500 3014 605 3074 volenti
626 3016 722 3075 animo
743 3013 779 3074 de
801 3011 944 3074 ambobus
965 3029 1086 3090 accepe-

114 3102 189 3154 rant
220 3093 384 3171 inperatori
398 3095 541 3166 nobilitas,
564 3115 638 3196 quae
660 3104 755 3160 antea
765 3097 864 3157 decori
883 3096 991 3165 luerat,
1014 3097 1113 3160 invi-4

77 3203 105 3245 aa
115 3177 178 3238 diae
193 3195 271 3239 esse.
287 3183 316 3236 at
331 3175 371 3237 illi
389 3177 472 3240 alteri
485 3183 601 3279 gerreris
616 3179 761 3241 humilitas
773 3179 901 3240 ιιιιιιιιι
918 3179 1082 3242 addiderat:

116 3270 245 3322 cetarum
263 3261 293 3320 ιιι
315 3267 440 3340 utroque
461 3266 552 3343 magis
568 3264 662 3325 studia
682 3265 808 3340 partium
829 3280 916 3341 quam
938 3263 1013 3324 bona
1035 3265 1085 3323 aut

114 3332 188 3404 mala
207 3362 258 3405 sua
282 3344 440 3406 moderata.
470 3347 625 3408 Praeterea
642 3345 768 3408 seditiosi
786 3348 969 3423 magistratus
984 3344 1112 3422 volgusa

114 3429 273 3504 exagitare,
296 3427 443 3491 Metellum
457 3430 593 3492 omnibus
607 3429 789 3492 contionibus
803 3431 903 3510 capitis
924 3447 1081 3499 arcessere,

118 3606 121 3614 Ι
162 3526 321 3602 smenon„
913 3525 934 3591 6
