2536 3936
45 235 59 252 ·
171 200 210 262 30
316 257 328 284 Ι.
358 221 593 262 caesareanas
616 211 962 264 courvnarrosse.52.

135 391 141 396 ·
171 370 207 429 de
228 368 330 429 inieris
345 375 560 437 memorantur,
584 367 699 428 divorso
715 370 817 428 itinere
836 367 928 430 malos
947 387 962 428 a
984 368 1071 428 bonis
1084 370 1150 431 loca

129 474 161 524 14
170 460 262 514 taetra
274 452 391 521 inculta,
406 451 492 512 foeda
508 458 594 530 atque
609 451 799 512 formidulosa
813 451 933 512 habere.
956 453 1064 531 ltaque
1080 471 1149 514 cen-

114 609 119 622 !
170 541 226 598 suit
246 539 385 615 pecunias
412 553 515 597 eorum
536 535 838 614 publicandas‚‹ipsos
863 553 917 612 per
935 537 1092 613 municipia
1119 539 1149 597 in

21 660 25 667 ·
161 621 308 682 custodiis
321 619 481 687 habendos,
499 619 631 679 videlicet
646 620 760 688 timens,
776 638 823 688 ne,
844 621 869 679 si
882 619 993 680 Romae
1007 621 1080 688 sint,
1099 628 1150 682 aut

69 715 96 812 f·
137 757 145 761 .
170 724 186 765 a
201 705 394 786 popularibus
410 703 617 764 coniurationis
633 710 683 764 aut
699 721 716 763 a
733 703 916 772 marltitudine
936 703 1082 764 conducta
1095 711 1175 782 per'a
1252 725 1253 760 2

129 814 142 864 1
169 789 226 849 vim
239 791 406 868 eripiantur.
435 786 524 858 Quasi
539 804 609 846 nero
621 787 690 847 mali
706 793 791 865 abpue
809 787 924 847 scelesti
934 793 1048 847 tantum
1061 789 1150 848 modo
1252 769 1253 832 l

170 877 199 935 in
215 873 289 934 urbe
305 877 334 930 et
346 887 406 931 non
420 888 475 948 per
484 878 576 931 totam
590 871 702 931 ltaliam
716 872 782 940 sint,
796 878 845 932 aut
857 873 917 930 nou
930 869 972 930 ibi
982 869 1152 950 pluspossit

130 982 162 1034 16
172 958 306 1023 audacia,
330 955 382 1014 ubi
401 955 438 1015 ad
461 953 679 1015 defendundum
696 973 767 1034 opes
782 957 910 1015 miriones
933 960 1008 1015 sunt.
1032 955 1095 1026 Qua
1115 973 1151 1015 re

170 1057 278 1102 vanum
293 1038 428 1117 equidem
441 1039 499 1100 hoc
513 1037 665 1099 consilium
678 1045 729 1107 est,
747 1041 771 1098 si
786 1039 949 1116 periculum
965 1057 1000 1098 ex
1015 1037 1072 1098 illis
1086 1057 1151 1100 me-

171 1127 239 1186 tuit:
262 1125 307 1183 sin
322 1124 352 1182 in
366 1129 448 1184 tanto
462 1126 593 1183 omnium
608 1130 689 1184 metu
710 1123 790 1183 solus
811 1140 871 1183 non
886 1125 983 1191 timet,
1006 1141 1042 1182 eo
1056 1124 1151 1198 magis
1161 1147 1190 1187 ιο

69 1263 73 1268 .
129 1228 160 1276 17
170 1209 261 1271 relect
280 1225 328 1268 rne
340 1208 411 1268 mibi
428 1214 515 1286 atque
528 1207 610 1267 vobis
625 1209 737 1268 timere.
768 1207 881 1278 Quare
898 1225 964 1268 enm
980 1205 1059 1268 aar.
1074 1207 1151 1266 Len-

169 1294 232 1356 tulo
247 1293 408 1370 ceterisque
429 1292 576 1359 statuetis,
597 1307 652 1368 pro
675 1297 756 1351 certo
772 1290 924 1360 habetote,
948 1307 999 1351 vos
1013 1291 1099 1350 simul
1113 1291 1151 1352 de

129 1397 160 1448 18
171 1375 443 1454 exercibrbbtilinae
451 1381 480 1434 et
491 1375 526 1434 de
536 1372 671 1434 omnibus
683 1376 840 1435 coniuratis
849 1375 1021 1435 decernere.
1035 1375 1151 1448 Quanto

169 1479 220 1522 ros
242 1460 386 1521 adtentius
400 1477 433 1518 ea
449 1460 557 1534 agetis,
577 1455 658 1518 tanto
673 1457 728 1518 illis
743 1460 857 1519 animus
870 1459 1013 1519 infirmior
1035 1461 1103 1519 erit:
1126 1460 1152 1518 si

169 1544 320 1623 paululum
341 1543 428 1604 modo
450 1561 502 1604 ros
521 1541 660 1620 languere
681 1541 813 1613 uiderint,
835 1546 893 1604 iarn
914 1559 1015 1603 omnes
1036 1544 1187 1608 ferocesra

172 1630 305 1690 aderunt.
351 1644 355 1650 ·

130 1722 163 1780 19
256 1712 350 1774 Nolite
366 1713 541 1773 existumare
556 1713 681 1772 maiores
696 1719 812 1781 nostros
824 1713 912 1772 armis
925 1729 990 1773 rem
1003 1710 1152 1790 publicam

128 1817 162 1867 20
172 1817 208 1861 ex
219 1817 308 1878 parva
326 1813 462 1872 magnam
478 1797 590 1856 lenisse.
625 1796 655 1854 Si
671 1797 710 1856 ita
725 1803 809 1863 esset,
826 1795 917 1856 multo
932 1795 1152 1873 pulcerr'umam

170 1900 234 1944 eam
248 1898 303 1940 nos
317 1879 508 1940 haberemus:
529 1880 637 1956 quippe
655 1877 802 1938 sociorum
819 1885 906 1955 atque
922 1880 1040 1943 civium,
1064 1893 1152 1953 prae-

169 1976 250 2027 terea
278 1979 428 2023 armornm
448 1968 534 2040 atque
565 1977 709 2039 equorum
735 1962 828 2020 maior
849 1963 932 2038 eopia
953 1959 1040 2020 nobis
1061 1977 1150 2038 quam
1163 1983 1190 2024 aa

130 2051 226 2112 stillis
249 2053 301 2108 est.
346 2045 396 2107 Set
416 2044 471 2106 alia
491 2044 588 2113 inere,
613 2062 687 2123 quae
707 2043 772 2104 illos
794 2059 917 2120 magnos
937 2043 1053 2113 iecere,
1075 2061 1152 2122 quae

172 2133 257 2195 nobis
277 2129 356 2191 nulla
378 2137 459 2191 sunt:
483 2127 561 2190 domi
582 2128 738 2197 industria,
760 2128 832 2189 loris
854 2130 963 2189 iustum
987 2129 1150 2206 inperium:

172 2221 286 2281 animus
303 2217 333 2276 in
355 2212 534 2276 consulendo
550 2212 644 2282 liber,
669 2230 765 2292 neque
784 2211 888 2274 delicto
910 2231 1007 2292 neque
1027 2212 1152 2273 lubidini

129 2315 162 2362 22
174 2303 325 2367 obnoxius.
349 2300 408 2360 Pro
424 2299 469 2361 bis
490 2316 545 2359 nos
564 2297 709 2359 babemus
723 2298 869 2359 luxuriam
888 2305 976 2378 atque
991 2297 1149 2362 avaritiam,

171 2386 288 2466 publice
311 2391 469 2461 egestatem
490 2385 624 2462 privatim
644 2381 837 2460 opulentiam:
859 2382 1013 2444 laudamus
1028 2380 1147 2447 divitias,
1159 2404 1186 2445 2⁶

173 2471 323 2546 sequimur
338 2469 492 2527 inertiam?
507 2469 582 2527 inter
598 2467 692 2526 bonos
706 2473 735 2527 et
749 2467 840 2528 malos
854 2467 1011 2526 discrimen
1027 2463 1149 2530 nullum,

130 2563 163 2614 23
173 2553 269 2612 omnia
283 2551 397 2616 virtutis
409 2552 540 2626 praemia
551 2549 670 2608 ambitio
684 2551 821 2624 possidet.
846 2549 947 2626 Neque
960 2550 1082 2607 mirum:
1100 2547 1152 2624 ubi

172 2653 224 2695 ros
241 2633 397 2709 separatim
417 2630 472 2691 sibi
491 2633 613 2708 quisque
632 2629 784 2692 consilium
799 2633 914 2708 capitis,
937 2631 988 2690 ubi
1007 2630 1085 2690 domi
1100 2646 1152 2688 vo·

172 2716 339 2796 luptatibus,
354 2715 403 2776 hic
413 2716 555 2794 pecuniae
569 2721 620 2773 aut
630 2714 740 2790 gratiae
755 2715 876 2782 servitia,
888 2725 923 2774 eo
938 2713 979 2782 fit,
991 2719 1024 2774 ut
1035 2715 1151 2791 inpetus

172 2805 222 2865 liat
242 2804 272 2863 in
293 2818 414 2862 vacuam
429 2816 492 2860 rem
513 2796 669 2876 publicam.
1160 2823 1188 2865 30

131 2901 166 2950 24
257 2888 308 2948 Set
322 2901 377 2962 ego
391 2886 464 2946 haec
476 2884 585 2944 omitto.
611 2881 806 2943 Coniuravere
817 2881 997 2942 nobilissumi
1009 2882 1085 2942 cives
1099 2899 1151 2963 pa·

176 2974 261 3032 triam
283 2970 455 3038 incendere,
483 2966 633 3030 Gallorum
657 2973 773 3042 gentem
794 2967 1019 3028 infestissumam
1041 2967 1151 3025 nomini

174 3055 306 3115 Romano
329 3054 365 3114 ad
385 3053 494 3115 bellum
517 3057 685 3118 accersunt,
710 3050 770 3110 dux
786 3051 913 3112 hostium
933 3069 1000 3111 cnm
1020 3050 1150 3110 exercitu

132 3146 166 3196 25
175 3156 263 3217 supra
278 3142 365 3216 caput
375 3145 432 3198 est:
449 3155 500 3198 vos
515 3136 690 3196 cunctamini
702 3136 887 3204 etiamnunc,
902 3136 971 3214 quid
983 3136 1059 3194 intra
1070 3149 1150 3193 moe·

62 3219 101 3292 2
134 3225 225 3284 aonia
245 3220 434 3300 adprehensis
452 3218 584 3282 hostibus
605 3218 732 3278 faciatis?
772 3219 965 3280 Misereamini
987 3235 1091 3278 censeo
1113 3233 1187 3276 -as

150 3345 153 3365 t
175 3307 325 3387 deliquere
347 3304 480 3364 homines
497 3301 706 3365 adulescentuli
725 3320 780 3381 per
797 3303 982 3364 ambitionem
1005 3335 1039 3346 —
1064 3305 1150 3379 atque

135 3406 167 3454 27
178 3394 264 3452 etiam
280 3395 406 3451 armatos
421 3388 580 3448 dimittatis:
594 3405 632 3448 ne
647 3389 701 3447 ista
716 3387 798 3449 robis
811 3385 1003 3448 mansuetudo
1023 3391 1052 3445 et
1064 3386 1149 3444 mise·

134 3475 310 3544 aericordia
331 3475 356 3533 si
369 3473 408 3533 illi
424 3489 503 3532 arma
523 3473 661 3551 ceperint,
679 3475 708 3532 in
724 3474 870 3533 miseriam
887 3475 1045 3530 convertet.
1089 3468 1149 3529 S'oi-
