2548 3930
214 217 255 278 54
385 233 428 274 us
450 185 551 276 annno
576 185 774 274 arararuruo
799 231 825 272 o.
842 223 885 277 26.
908 221 949 276 27.
968 221 1029 275 se,
1072 193 1075 196 ’

161 380 202 445 26
260 441 263 452 ,
294 378 337 441 Ila
350 384 506 460 postquam
515 379 610 440 Cirtae
621 379 717 439 audita
732 386 808 447 suut,
824 377 925 447 Italici,
941 395 1068 458 quorum
1083 371 1198 440 virtute

211 464 325 524 moenia
342 463 585 532 defensabantur,
609 463 709 522 conlisi
723 462 867 524 deditione
882 462 957 522 lacta
971 467 1092 539 propter
1107 479 1197 540 mag·

210 547 372 608 nitudinem
380 547 482 626 popub
491 545 615 626 Romani
629 543 779 606 inviolatos
791 564 855 608 sese
870 546 942 614 lore,
953 543 1111 605 Adherbali
1123 562 1196 606 sua-

212 631 282 692 dent
299 631 341 691 uti
358 649 448 708 seque
470 637 499 690 et
513 630 652 710 oppidum
670 627 827 706 Iugurthae
849 629 952 698 hadal,
971 633 1085 689 tantum
1101 627 1197 690 abeo

187 716 298 774 avitam
320 715 503 812 paciscatur:
533 713 569 772 de
589 711 693 773 ceteris'
713 715 826 774 senatui
848 731 936 774 curae
956 712 1028 773 tore.
1073 711 1109 774 dt
1130 711 1194 781 ille,
1206 736 1218 774 s

187 798 326 858 tametsi
347 797 443 856 omnia
466 798 579 892 potiora
599 796 657 857 fide
671 796 829 874 Iugurthae
846 796 981 863 rebatur,
1002 801 1100 854 tamen
1121 797 1197 873 quia

212 897 302 957 penes
323 879 450 947 eosdem,
473 880 498 940 si
519 880 730 948 adversaretur,
754 880 877 956 eogendi
892 885 1019 957 potestas
1042 885 1119 946 erat,
1140 880 1194 947 ita

139 968 144 986 ‘
185 965 254 1022 auti
276 968 450 1022 censuerant
470 962 576 1030 Italici,
598 964 773 1024 deditionem
790 965 866 1024 lacit.
885 960 1069 1058 Iugurtham
1085 953 1195 1038 primis

211 1045 408 1106 Adherbalem
424 1049 622 1108 excruciatum
636 1054 730 1115 necat,
750 1047 853 1116 deiude
875 1047 968 1118 omnis
985 1044 1113 1122 puberes
1129 1043 1197 1104 Nu

211 1129 304 1190 midas
325 1135 412 1207 atque
434 1131 630 1206 negotiatores
649 1131 831 1208 promiscue,
857 1131 900 1190 uti
928 1130 1050 1230 quisque
1068 1130 1193 1188 armatis
1205 1147 1227 1187 ro

103 1211 108 1226 ¹
212 1212 314 1273 obrius
332 1211 437 1281 fuerat,
458 1214 602 1274 iuterficit

161 1287 201 1348 27
296 1294 380 1365 Quod
395 1303 550 1374 postquam
569 1293 679 1356 Romae
702 1298 848 1373 cognitum
869 1301 914 1355 est
937 1302 965 1355 et
978 1313 1026 1356 res
1041 1297 1080 1357 in
1085 1302 1193 1358 senatu
1256 1357 1257 1360 ,

211 1380 313 1454 agitari
327 1384 437 1456 coepta,
449 1379 543 1439 eidem
554 1377 594 1438 Illi
608 1379 731 1439 ministri
740 1381 818 1456 regis
832 1377 1043 1457 interpellando
1056 1397 1089 1440 ac
1101 1396 1192 1456 saepe

212 1463 302 1538 gratia
325 1463 471 1522 interdum
491 1462 756 1540 imgiisorahendo
777 1470 892 1543 tempus
921 1464 1103 1522 atrocitatem
1120 1463 1192 1522 lacti

180 1543 379 1614 ¹²leniebautn
399 1546 440 1606 dc
455 1546 485 1606 ni
506 1546 540 1606 G.
557 1545 724 1615 Memmius,
739 1545 874 1608 tribunus
892 1545 988 1624 plebei
1010 1547 1190 1621 designatus,
1202 1563 1224 1603 rs

213 1630 254 1688 vii
271 1647 339 1690 acer
355 1635 384 1690 et
397 1629 518 1690 infestus
532 1631 677 1708 potentiae
692 1629 856 1703 nobilitatis,
871 1629 1011 1708 populum
1024 1629 1193 1690 Romanum

189 1712 384 1780 edocuisset,
400 1714 430 1774 id
446 1715 501 1790 agi,
518 1719 551 1773 ut
567 1732 745 1791 perpaucos
762 1714 897 1774 factiosos
917 1712 1076 1789 Iugurthae
1093 1701 1193 1774 scelus

212 1796 443 1864 condonaretur,
467 1796 599 1873 prolecto
622 1799 716 1857 omnis
729 1797 834 1858 invidia
849 1795 1027 1872 prolatandis
1042 1795 1192 1857 consulta-
1256 1797 1257 1800 ’

211 1871 339 1938 tionibus
358 1877 467 1956 dilapsa
489 1878 580 1938 f:oret
600 1885 678 1938 tanta
696 1881 737 1938 vis
757 1881 866 1954 gratiae
876 1879 968 1956 atque
983 1879 1124 1955 pecuniae
1141 1898 1191 1940 re·
1255 1881 1257 1938 l

187 1951 256 2034 a'gis
272 1967 343 2019 erat.
376 1959 426 2019 Set
439 1959 489 2020 ubi
500 1966 618 2020 senatus
637 1961 733 2021 delicti
746 1963 922 2024 conscientia
937 1960 1076 2038 populum
1096 1963 1188 2032 timet,
1198 1981 1223 2020 ao

210 2041 275 2118 lege
287 2043 459 2120 Sempronia
469 2044 637 2120 provinciae
652 2042 757 2104 futuris
773 2043 942 2104 consulibus
953 2044 1086 2105 Numidia
1099 2051 1189 2124 atque
1255 2073 1256 2082 ι

185 2125 291 2187 41ῐιιΙὶιι
312 2127 461 2188 decretae:
485 2125 619 2188 consules
639 2127 777 2188 declarati
792 2127 824 2188 P.
840 2127 937 2206 Sprio
953 2127 1065 2198 Nasica,
1080 2125 1113 2188 L.
1129 2127 1189 2190 Be·
1255 2129 1256 2219 l

212 2211 265 2270 stia
281 2209 469 2290 Calpurnius:
486 2209 642 2290 Calpurnio
657 2211 799 2281 Numidia,
819 2211 947 2289 Sprioui
958 2210 1039 2274 Italia
1053 2210 1187 2273 obvenit:

186 2294 316 2356 adelade
338 2297 494 2364 exercitus,
516 2296 565 2374 qui
582 2296 612 2354 in
627 2295 753 2357 Africam
769 2301 952 2373 portaretur,
973 2295 1119 2364 scribitur,
1136 2299 1187 2357 sti-

211 2378 350 2454 pendIum
364 2378 485 2457 aliaque,
508 2397 583 2457 quae
598 2379 675 2440 bello
697 2381 763 2440 usui
783 2381 889 2449 forent,
912 2380 1119 2440 decernuntur.
1195 2398 1220 2438 ss
1254 2409 1255 2420 ι

162 2456 201 2518 28
295 2460 331 2519 dt
349 2461 491 2536 Iugurtha
512 2467 614 2522 contra
635 2481 717 2540 spem
734 2465 835 2524 nuntio
851 2470 984 2541 accepto,
1008 2463 1115 2541 quippe
1139 2465 1185 2524 cui
1254 2481 1255 2501 ι

210 2543 320 2602 Romae
335 2544 430 2602 omnia
445 2560 570 2604 vaenum
586 2547 629 2604 ire
644 2547 675 2604 in
689 2547 784 2605 ammo
799 2544 948 2613 haeserat,
968 2544 1059 2604 lilium
1073 2552 1101 2604 et
1118 2565 1185 2606 cum

212 2643 247 2685 eo
263 2625 336 2684 duos
351 2623 501 2685 lamdiaris
513 2625 550 2686 ad
565 2632 698 2686 senatum
712 2626 823 2702 legatos
836 2629 930 2695 mittit,
947 2628 1054 2703 eisque,
1070 2619 1113 2686 uti
1127 2629 1184 2689 illis
1253 2645 1254 2672 l

212 2727 286 2789 quos
302 2707 465 2784 Hiempsale
480 2706 633 2768 Interfecto
648 2711 774 2777 miserat,
787 2710 936 2786 praecipit,
950 2709 1043 2768 omnis
1053 2712 1184 2773 mortalis

187 2793 335 2871 apecunia
355 2790 570 2867 adgrediamur.
605 2792 660 2863 Qui
673 2799 828 2871 postquam
843 2791 966 2857 Romam
981 2792 1221 2865 adventabantso
1252 2849 1253 2864 ,

212 2882 329 2938 senatus
342 2894 360 2936 a
374 2873 471 2936 bestia
485 2875 633 2935 consultus
648 2889 700 2946 est,
716 2874 883 2954 placeretne
900 2875 1010 2952 legatos
1026 2875 1185 2953 Iugurthae
1252 2889 1253 2946 l

211 2961 302 3038 repri
324 2958 490 3020 moenibus:
511 2959 595 3036 eique
616 2959 783 3028 decrevere,
805 2961 861 3020 uisi
887 2977 1013 3038 regnum
1030 2961 1186 3040 ipsumque

213 3041 342 3103 deditum
362 3044 522 3110 venissent,
542 3045 583 3103 uti
597 3043 626 3102 in
642 3042 744 3104 diebus
756 3044 907 3122 proxumIs
924 3044 1025 3106 decem
1038 3043 1118 3106 Italia
1132 3046 1185 3108 de·

187 3125 361 3188 3eederent.
392 3124 500 3186 Consul
511 3125 643 3186 Numidis
658 3145 693 3188 ex
708 3129 801 3187 senati
815 3127 933 3188 decreto
948 3130 1074 3189 nuntiari
1087 3127 1183 3191 iubet:
1251 3153 1252 3162 ι

212 3211 251 3269 ita
267 3207 380 3268 infectis
401 3209 491 3270 rebus
512 3209 553 3270 illi
573 3210 691 3280 domum
713 3210 874 3271 discedunt.
1192 3233 1218 3272 es

190 3302 207 3350 4
298 3289 418 3352 Iuterbn
433 3291 606 3370 Calpurnius
625 3301 727 3372 parato
744 3295 873 3355 exercitu
892 3293 969 3372 legat
982 3291 1037 3354 sibi
1051 3293 1183 3358 homiues

213 3373 318 3435 uobiIis
333 3374 482 3442 factiosos,
506 3395 631 3454 quorum
652 3380 823 3440 auctoritate
842 3395 916 3456 quae
932 3375 1098 3454 deliquisset
1117 3395 1183 3440 mu·

213 3460 272 3518 nita
293 3458 357 3518 fore
378 3457 529 3535 sperabat:
552 3462 582 3520 iu
601 3463 665 3542 quis
685 3462 741 3524 luit
760 3463 898 3530 Scaurus,
920 3461 1003 3522 cuius
1022 3459 1057 3520 de
1078 3467 1184 3526 natura
