<?xml version="1.0" encoding="UTF-8"?>
<!DOCTYPE html PUBLIC "-//W3C//DTD XHTML 1.0 Transitional//EN"
    "http://www.w3.org/TR/xhtml1/DTD/xhtml1-transitional.dtd">
<html xmlns="http://www.w3.org/1999/xhtml" xml:lang="en" lang="en">
 <head>
  <title>
</title>
<meta http-equiv="Content-Type" content="text/html;charset=utf-8" />
  <meta name='ocr-system' content='tesseract 3.04.00' />
  <meta name='ocr-capabilities' content='ocr_page ocr_carea ocr_par ocr_line ocrx_word'/>
</head>
<body>
  <div class='ocr_page' id='page_1' title='image "./decatalinaeconi00dietgoog_0049.png"; bbox 0 0 2536 3936; ppageno 0'>
   <div class='ocr_carea' id='block_1_1' title="bbox 11 142 1157 3526">
    <p class='ocr_par' dir='ltr' id='par_1_1' title="bbox 63 142 1157 1196">
     <span class='ocr_line' id='line_1_1' title="bbox 687 142 699 178; baseline 0 0"><span class='ocrx_word' id='word_1_1' title='bbox 687 142 699 178; x_wconf 75' lang='lat' dir='ltr'><em>s</em></span> 
     </span>
     <span class='ocr_line' id='line_1_2' title="bbox 301 205 1065 270; baseline 0.009 -13"><span class='ocrx_word' id='word_1_2' title='bbox 301 215 344 257; x_wconf 80' lang='lat' dir='ltr'><strong>uu</strong></span> <span class='ocrx_word' id='word_1_3' title='bbox 365 217 467 260; x_wconf 76' lang='lat' dir='ltr'><strong>succo</strong></span> <span class='ocrx_word' id='word_1_4' title='bbox 488 217 688 262; x_wconf 78' lang='lat' dir='ltr'><strong>movnrnrso</strong></span> <span class='ocrx_word' id='word_1_5' title='bbox 710 217 736 260; x_wconf 91' lang='lat' dir='ltr'><strong>o.</strong></span> <span class='ocrx_word' id='word_1_6' title='bbox 759 210 783 265; x_wconf 87' lang='grc'><strong>7.</strong></span> <span class='ocrx_word' id='word_1_7' title='bbox 802 211 828 265; x_wconf 82' lang='grc'><strong>8.</strong></span> <span class='ocrx_word' id='word_1_8' title='bbox 849 213 874 268; x_wconf 82' lang='lat'><strong>9.</strong></span> <span class='ocrx_word' id='word_1_9' title='bbox 1027 205 1065 270; x_wconf 80' lang='lat'><strong>41</strong></span> 
     </span>
     <span class='ocr_line' id='line_1_3' title="bbox 1142 291 1157 322; baseline 0 0"><span class='ocrx_word' id='word_1_10' title='bbox 1142 291 1157 322; x_wconf 66' lang='grc' dir='ltr'><em>Ι</em></span> 
     </span>
     <span class='ocr_line' id='line_1_4' title="bbox 99 323 1067 444; baseline 0.008 -21"><span class='ocrx_word' id='word_1_11' title='bbox 99 364 177 432; x_wconf 88' lang='lat' dir='ltr'><strong>silio,</strong></span> <span class='ocrx_word' id='word_1_12' title='bbox 200 379 324 443; x_wconf 82' lang='lat' dir='ltr'><strong>quorum</strong></span> <span class='ocrx_word' id='word_1_13' title='bbox 334 363 507 426; x_wconf 81' lang='lat' dir='ltr'><strong>alterumex</strong></span> <span class='ocrx_word' id='word_1_14' title='bbox 526 323 703 444; x_wconf 82' lang='lat' dir='ltr'><strong>providentia</strong></span> <span class='ocrx_word' id='word_1_15' title='bbox 715 369 866 438; x_wconf 85' lang='lat' dir='ltr'><strong>timorem,</strong></span> <span class='ocrx_word' id='word_1_16' title='bbox 888 369 1013 430; x_wconf 85' lang='lat' dir='ltr'><strong>alterum</strong></span> <span class='ocrx_word' id='word_1_17' title='bbox 1031 387 1067 431; x_wconf 83' lang='lat' dir='ltr'><strong>ex</strong></span> 
     </span>
     <span class='ocr_line' id='line_1_5' title="bbox 98 448 1094 550; baseline 0.006 -42"><span class='ocrx_word' id='word_1_18' title='bbox 98 448 217 508; x_wconf 82' lang='lat' dir='ltr'><strong>atcdacia</strong></span> <span class='ocrx_word' id='word_1_19' title='bbox 234 449 426 508; x_wconf 89' lang='lat' dir='ltr'><strong>temeritatem</strong></span> <span class='ocrx_word' id='word_1_20' title='bbox 447 449 563 510; x_wconf 83' lang='lat' dir='ltr'><strong>adferre</strong></span> <span class='ocrx_word' id='word_1_21' title='bbox 577 450 750 531; x_wconf 88' lang='lat' dir='ltr'><strong>plerumque</strong></span> <span class='ocrx_word' id='word_1_22' title='bbox 763 451 844 514; x_wconf 85' lang='lat' dir='ltr'><strong>solet.</strong></span> <span class='ocrx_word' id='word_1_23' title='bbox 874 451 994 550; x_wconf 79' lang='lat' dir='ltr'><strong>Igitur</strong></span> <span class='ocrx_word' id='word_1_24' title='bbox 986 469 1066 550; x_wconf 80' lang='lat' dir='ltr'><strong>mpe-</strong></span> <span class='ocrx_word' id='word_1_25' title='bbox 1055 464 1094 514; x_wconf 87' lang='lat'><strong>·6</strong></span> 
     </span>
     <span class='ocr_line' id='line_1_6' title="bbox 98 530 1068 632; baseline 0.005 -41"><span class='ocrx_word' id='word_1_26' title='bbox 98 538 179 592; x_wconf 86' lang='lat' dir='ltr'><strong>rator</strong></span> <span class='ocrx_word' id='word_1_27' title='bbox 196 533 289 591; x_wconf 90' lang='lat' dir='ltr'><strong>omnis</strong></span> <span class='ocrx_word' id='word_1_28' title='bbox 304 530 367 591; x_wconf 84' lang='lat' dir='ltr'><strong>iere</strong></span> <span class='ocrx_word' id='word_1_29' title='bbox 380 548 429 592; x_wconf 86' lang='lat' dir='ltr'><strong>res</strong></span> <span class='ocrx_word' id='word_1_30' title='bbox 442 549 561 630; x_wconf 83' lang='lat' dir='ltr'><strong>asperas</strong></span> <span class='ocrx_word' id='word_1_31' title='bbox 575 550 628 611; x_wconf 88' lang='lat' dir='ltr'><strong>per</strong></span> <span class='ocrx_word' id='word_1_32' title='bbox 648 533 818 632; x_wconf 79' lang='lat' dir='ltr'><strong>Iugurtham</strong></span> <span class='ocrx_word' id='word_1_33' title='bbox 837 553 932 612; x_wconf 85' lang='lat' dir='ltr'><strong>agere,</strong></span> <span class='ocrx_word' id='word_1_34' title='bbox 953 537 982 595; x_wconf 93' lang='lat' dir='ltr'><strong>in</strong></span> <span class='ocrx_word' id='word_1_35' title='bbox 997 539 1068 596; x_wconf 89' lang='lat' dir='ltr'><strong>ami-</strong></span> 
     </span>
     <span class='ocr_line' id='line_1_7' title="bbox 99 614 1069 698; baseline 0.005 -24"><span class='ocrx_word' id='word_1_36' title='bbox 99 617 140 675; x_wconf 91' lang='lat' dir='ltr'><strong>cis</strong></span> <span class='ocrx_word' id='word_1_37' title='bbox 160 614 286 683; x_wconf 86' lang='lat' dir='ltr'><strong>hahere,</strong></span> <span class='ocrx_word' id='word_1_38' title='bbox 309 616 401 690; x_wconf 85' lang='lat' dir='ltr'><strong>magis</strong></span> <span class='ocrx_word' id='word_1_39' title='bbox 414 618 563 695; x_wconf 84' lang='lat' dir='ltr'><strong>magisque</strong></span> <span class='ocrx_word' id='word_1_40' title='bbox 579 635 646 677; x_wconf 88' lang='lat' dir='ltr'><strong>eum</strong></span> <span class='ocrx_word' id='word_1_41' title='bbox 666 620 697 677; x_wconf 94' lang='lat' dir='ltr'><strong>in</strong></span> <span class='ocrx_word' id='word_1_42' title='bbox 718 618 779 679; x_wconf 84' lang='lat' dir='ltr'><strong>dies</strong></span> <span class='ocrx_word' id='word_1_43' title='bbox 796 619 939 695; x_wconf 78' lang='lat' dir='ltr'><strong>amplecti,</strong></span> <span class='ocrx_word' id='word_1_44' title='bbox 962 621 1069 698; x_wconf 86' lang='lat' dir='ltr'><strong>quippe</strong></span> 
     </span>
     <span class='ocr_line' id='line_1_8' title="bbox 77 697 1067 800; baseline 0.008 -48"><span class='ocrx_word' id='word_1_45' title='bbox 77 699 182 758; x_wconf 81' lang='lat' dir='ltr'><strong>ccuius</strong></span> <span class='ocrx_word' id='word_1_46' title='bbox 195 715 292 776; x_wconf 76' lang='lat' dir='ltr'><strong>neque</strong></span> <span class='ocrx_word' id='word_1_47' title='bbox 314 697 465 760; x_wconf 87' lang='lat' dir='ltr'><strong>consilium</strong></span> <span class='ocrx_word' id='word_1_48' title='bbox 478 717 574 779; x_wconf 89' lang='lat' dir='ltr'><strong>neque</strong></span> <span class='ocrx_word' id='word_1_49' title='bbox 594 703 741 800; x_wconf 81' lang='lat' dir='ltr'><strong>inceptum</strong></span> <span class='ocrx_word' id='word_1_50' title='bbox 761 701 855 762; x_wconf 82' lang='lat' dir='ltr'><strong>udum</strong></span> <span class='ocrx_word' id='word_1_51' title='bbox 869 703 977 762; x_wconf 83' lang='lat' dir='ltr'><strong>hustra</strong></span> <span class='ocrx_word' id='word_1_52' title='bbox 996 710 1067 762; x_wconf 88' lang='lat' dir='ltr'><strong>erat.</strong></span> 
     </span>
     <span class='ocr_line' id='line_1_9' title="bbox 98 781 1093 864; baseline 0.009 -23"><span class='ocrx_word' id='word_1_53' title='bbox 98 781 163 841; x_wconf 88' lang='lat' dir='ltr'><strong>lloc</strong></span> <span class='ocrx_word' id='word_1_54' title='bbox 177 781 339 842; x_wconf 76' lang='lat' dir='ltr'>adcedebat</span> <span class='ocrx_word' id='word_1_55' title='bbox 357 783 551 844; x_wconf 86' lang='lat' dir='ltr'><strong>munificentia</strong></span> <span class='ocrx_word' id='word_1_56' title='bbox 565 785 652 844; x_wconf 88' lang='lat' dir='ltr'><strong>animi</strong></span> <span class='ocrx_word' id='word_1_57' title='bbox 674 787 732 844; x_wconf 91' lang='lat' dir='ltr'><strong>et</strong></span> <span class='ocrx_word' id='word_1_58' title='bbox 723 787 821 861; x_wconf 89' lang='lat' dir='ltr'><strong>mgeui</strong></span> <span class='ocrx_word' id='word_1_59' title='bbox 837 784 981 853; x_wconf 87' lang='lat' dir='ltr'><strong>sollertia,</strong></span> <span class='ocrx_word' id='word_1_60' title='bbox 1004 787 1093 864; x_wconf 74' lang='lat' dir='ltr'><strong>quisi</strong></span> 
     </span>
     <span class='ocr_line' id='line_1_10' title="bbox 98 862 1068 929; baseline 0.004 -5"><span class='ocrx_word' id='word_1_61' title='bbox 98 862 188 924; x_wconf 82' lang='lat' dir='ltr'><strong>rebus</strong></span> <span class='ocrx_word' id='word_1_62' title='bbox 199 863 253 926; x_wconf 86' lang='lat' dir='ltr'><strong>sihi</strong></span> <span class='ocrx_word' id='word_1_63' title='bbox 264 864 369 925; x_wconf 86' lang='lat' dir='ltr'><strong>multos</strong></span> <span class='ocrx_word' id='word_1_64' title='bbox 380 883 417 927; x_wconf 83' lang='lat' dir='ltr'><strong>ex</strong></span> <span class='ocrx_word' id='word_1_65' title='bbox 429 865 567 927; x_wconf 84' lang='lat' dir='ltr'><strong>liomanis</strong></span> <span class='ocrx_word' id='word_1_66' title='bbox 581 866 715 928; x_wconf 75' lang='lat' dir='ltr'><strong>familiari</strong></span> <span class='ocrx_word' id='word_1_67' title='bbox 732 870 855 929; x_wconf 90' lang='lat' dir='ltr'><strong>amicitia</strong></span> <span class='ocrx_word' id='word_1_68' title='bbox 870 869 1068 929; x_wconf 86' lang='lat' dir='ltr'><strong>coniunxerat</strong></span> 
     </span>
     <span class='ocr_line' id='line_1_11' title="bbox 98 947 1100 1030; baseline 0.003 -23"><span class='ocrx_word' id='word_1_69' title='bbox 98 947 140 1007; x_wconf 74' lang='lat' dir='ltr'><strong>lla</strong></span> <span class='ocrx_word' id='word_1_70' title='bbox 161 951 358 1026; x_wconf 84' lang='lat' dir='ltr'><strong>tempestate</strong></span> <span class='ocrx_word' id='word_1_71' title='bbox 350 967 380 1009; x_wconf 93' lang='lat' dir='ltr'><strong>m</strong></span> <span class='ocrx_word' id='word_1_72' title='bbox 401 951 531 1010; x_wconf 83' lang='lat' dir='ltr'><strong>exercitu</strong></span> <span class='ocrx_word' id='word_1_73' title='bbox 547 957 648 1010; x_wconf 89' lang='lat' dir='ltr'><strong>nostro</strong></span> <span class='ocrx_word' id='word_1_74' title='bbox 669 951 753 1011; x_wconf 86' lang='lat' dir='ltr'><strong>luere</strong></span> <span class='ocrx_word' id='word_1_75' title='bbox 772 951 927 1030; x_wconf 74' lang='lat' dir='ltr'><strong>conplures</strong></span> <span class='ocrx_word' id='word_1_76' title='bbox 946 953 1013 1012; x_wconf 88' lang='lat' dir='ltr'><strong>novi</strong></span> <span class='ocrx_word' id='word_1_77' title='bbox 1027 958 1069 1012; x_wconf 89' lang='lat' dir='ltr'><strong>at·</strong></span> <span class='ocrx_word' id='word_1_78' title='bbox 1080 957 1100 1019; x_wconf 87' lang='lat'>8</span> 
     </span>
     <span class='ocr_line' id='line_1_12' title="bbox 99 1031 1069 1114; baseline 0.004 -24"><span class='ocrx_word' id='word_1_79' title='bbox 99 1031 288 1108; x_wconf 80' lang='lat' dir='ltr'><strong>quenohiles,</strong></span> <span class='ocrx_word' id='word_1_80' title='bbox 305 1032 411 1111; x_wconf 87' lang='lat' dir='ltr'><strong>quihus</strong></span> <span class='ocrx_word' id='word_1_81' title='bbox 422 1032 535 1093; x_wconf 87' lang='lat' dir='ltr'><strong>divitiae</strong></span> <span class='ocrx_word' id='word_1_82' title='bbox 550 1033 628 1094; x_wconf 88' lang='lat' dir='ltr'><strong>hono</strong></span> <span class='ocrx_word' id='word_1_83' title='bbox 639 1034 821 1114; x_wconf 84' lang='lat' dir='ltr'><strong>honestoque</strong></span> <span class='ocrx_word' id='word_1_84' title='bbox 832 1037 962 1112; x_wconf 89' lang='lat' dir='ltr'><strong>potiores</strong></span> <span class='ocrx_word' id='word_1_85' title='bbox 976 1041 1069 1104; x_wconf 86' lang='lat' dir='ltr'><strong>erant,</strong></span> 
     </span>
     <span class='ocr_line' id='line_1_13' title="bbox 63 1114 1072 1196; baseline 0.009 -27"><span class='ocrx_word' id='word_1_86' title='bbox 63 1114 210 1174; x_wconf 81' lang='lat' dir='ltr'><strong>reiectiosi</strong></span> <span class='ocrx_word' id='word_1_87' title='bbox 229 1116 316 1186; x_wconf 90' lang='lat' dir='ltr'><strong>domi,</strong></span> <span class='ocrx_word' id='word_1_88' title='bbox 338 1123 471 1193; x_wconf 85' lang='lat' dir='ltr'><strong>potentes</strong></span> <span class='ocrx_word' id='word_1_89' title='bbox 486 1117 564 1194; x_wconf 93' lang='lat' dir='ltr'><strong>apud</strong></span> <span class='ocrx_word' id='word_1_90' title='bbox 581 1120 685 1186; x_wconf 87' lang='lat' dir='ltr'><strong>socios,</strong></span> <span class='ocrx_word' id='word_1_91' title='bbox 708 1117 779 1178; x_wconf 88' lang='lat' dir='ltr'><strong>clari</strong></span> <span class='ocrx_word' id='word_1_92' title='bbox 800 1120 891 1194; x_wconf 85' lang='lat' dir='ltr'><strong>magis</strong></span> <span class='ocrx_word' id='word_1_93' title='bbox 909 1133 997 1196; x_wconf 81' lang='lat' dir='ltr'><strong>quam</strong></span> <span class='ocrx_word' id='word_1_94' title='bbox 1017 1117 1072 1178; x_wconf 91' lang='lat' dir='ltr'><strong>hu·</strong></span> 
     </span>
    </p>

    <p class='ocr_par' dir='ltr' id='par_1_2' title="bbox 11 1199 1099 1530">
     <span class='ocr_line' id='line_1_14' title="bbox 11 1199 1071 1299; baseline 0.006 -43"><span class='ocrx_word' id='word_1_95' title='bbox 11 1207 13 1210; x_wconf 83' lang='grc'><strong><em>·</em></strong></span> <span class='ocrx_word' id='word_1_96' title='bbox 97 1200 202 1266; x_wconf 72' lang='lat' dir='ltr'><strong>nmti,</strong></span> <span class='ocrx_word' id='word_1_97' title='bbox 208 1201 257 1276; x_wconf 90' lang='lat' dir='ltr'><strong>qui</strong></span> <span class='ocrx_word' id='word_1_98' title='bbox 279 1199 435 1296; x_wconf 81' lang='lat' dir='ltr'><strong>Iugurthae</strong></span> <span class='ocrx_word' id='word_1_99' title='bbox 455 1217 514 1260; x_wconf 90' lang='lat' dir='ltr'><strong>uon</strong></span> <span class='ocrx_word' id='word_1_100' title='bbox 540 1201 718 1262; x_wconf 84' lang='lat' dir='ltr'><strong>mediocrem</strong></span> <span class='ocrx_word' id='word_1_101' title='bbox 739 1202 868 1262; x_wconf 89' lang='lat' dir='ltr'><strong>animum</strong></span> <span class='ocrx_word' id='word_1_102' title='bbox 887 1201 1071 1299; x_wconf 76' lang='lat' dir='ltr'><strong>pollicitando</strong></span> 
     </span>
     <span class='ocr_line' id='line_1_15' title="bbox 97 1281 1071 1368; baseline 0.004 -27"><span class='ocrx_word' id='word_1_103' title='bbox 97 1281 305 1368; x_wconf 78' lang='lat' dir='ltr'><strong>adcendehant,</strong></span> <span class='ocrx_word' id='word_1_104' title='bbox 321 1301 344 1342; x_wconf 85' lang='lat' dir='ltr'><strong>sr</strong></span> <span class='ocrx_word' id='word_1_105' title='bbox 337 1283 473 1361; x_wconf 85' lang='lat' dir='ltr'><strong>&#39;llicipsa</strong></span> <span class='ocrx_word' id='word_1_106' title='bbox 483 1302 537 1345; x_wconf 84' lang='lat' dir='ltr'><strong>rer</strong></span> <span class='ocrx_word' id='word_1_107' title='bbox 550 1285 712 1354; x_wconf 83' lang='lat' dir='ltr'><strong>occidisset,</strong></span> <span class='ocrx_word' id='word_1_108' title='bbox 729 1284 793 1346; x_wconf 89' lang='lat' dir='ltr'><strong>lore</strong></span> <span class='ocrx_word' id='word_1_109' title='bbox 808 1287 850 1345; x_wconf 92' lang='lat' dir='ltr'><strong>uti</strong></span> <span class='ocrx_word' id='word_1_110' title='bbox 864 1283 966 1344; x_wconf 89' lang='lat' dir='ltr'><strong>solus</strong></span> <span class='ocrx_word' id='word_1_111' title='bbox 958 1287 1071 1361; x_wconf 79' lang='lat' dir='ltr'><strong>reperio</strong></span> 
     </span>
     <span class='ocr_line' id='line_1_16' title="bbox 97 1353 1072 1446; baseline 0.005 -22"><span class='ocrx_word' id='word_1_112' title='bbox 97 1353 248 1426; x_wconf 79' lang='lat' dir='ltr'><strong>Numidiae</strong></span> <span class='ocrx_word' id='word_1_113' title='bbox 270 1369 427 1444; x_wconf 87' lang='lat' dir='ltr'><strong>potiretur:</strong></span> <span class='ocrx_word' id='word_1_114' title='bbox 454 1369 484 1428; x_wconf 95' lang='lat' dir='ltr'><strong>in</strong></span> <span class='ocrx_word' id='word_1_115' title='bbox 509 1369 572 1446; x_wconf 87' lang='lat' dir='ltr'><strong>ipso</strong></span> <span class='ocrx_word' id='word_1_116' title='bbox 593 1385 760 1430; x_wconf 85' lang='lat' dir='ltr'><strong>maxumam</strong></span> <span class='ocrx_word' id='word_1_117' title='bbox 785 1371 936 1437; x_wconf 81' lang='lat' dir='ltr'><strong>virtutem,</strong></span> <span class='ocrx_word' id='word_1_118' title='bbox 961 1368 1072 1429; x_wconf 83' lang='lat' dir='ltr'><strong>Romae</strong></span> 
     </span>
     <span class='ocr_line' id='line_1_17' title="bbox 99 1449 1099 1530; baseline 0.006 -24"><span class='ocrx_word' id='word_1_119' title='bbox 99 1449 414 1510; x_wconf 83' lang='lat' dir='ltr'><strong>omniaracnaliaesse</strong></span> <span class='ocrx_word' id='word_1_120' title='bbox 433 1451 647 1530; x_wconf 88' lang='lat' dir='ltr'><strong>Setpostquam</strong></span> <span class='ocrx_word' id='word_1_121' title='bbox 658 1451 812 1512; x_wconf 88' lang='lat' dir='ltr'><strong>Numantia</strong></span> <span class='ocrx_word' id='word_1_122' title='bbox 826 1451 962 1513; x_wconf 85' lang='lat' dir='ltr'><strong>deletaP</strong></span> <span class='ocrx_word' id='word_1_123' title='bbox 975 1451 1099 1530; x_wconf 76' lang='lat' dir='ltr'><strong>Scipios</strong></span> 
     </span>
    </p>

    <p class='ocr_par' dir='ltr' id='par_1_3' title="bbox 41 1532 1124 3526">
     <span class='ocr_line' id='line_1_18' title="bbox 62 1532 1072 1612; baseline 0.006 -24"><span class='ocrx_word' id='word_1_124' title='bbox 62 1532 242 1594; x_wconf 77' lang='lat' dir='ltr'><strong>redimittore</strong></span> <span class='ocrx_word' id='word_1_125' title='bbox 260 1533 364 1593; x_wconf 87' lang='lat' dir='ltr'><strong>auxilia</strong></span> <span class='ocrx_word' id='word_1_126' title='bbox 381 1535 485 1612; x_wconf 80' lang='lat' dir='ltr'><strong>etipse</strong></span> <span class='ocrx_word' id='word_1_127' title='bbox 500 1537 609 1594; x_wconf 82' lang='lat' dir='ltr'><strong>revorti</strong></span> <span class='ocrx_word' id='word_1_128' title='bbox 629 1534 748 1595; x_wconf 91' lang='lat' dir='ltr'><strong>domum</strong></span> <span class='ocrx_word' id='word_1_129' title='bbox 768 1536 911 1603; x_wconf 85' lang='lat' dir='ltr'><strong>decrevit,</strong></span> <span class='ocrx_word' id='word_1_130' title='bbox 932 1535 1072 1596; x_wconf 92' lang='lat' dir='ltr'><strong>donatum</strong></span> 
     </span>
     <span class='ocr_line' id='line_1_19' title="bbox 98 1616 1072 1694; baseline 0.003 -19"><span class='ocrx_word' id='word_1_131' title='bbox 98 1621 185 1693; x_wconf 81' lang='lat' dir='ltr'><strong>atque</strong></span> <span class='ocrx_word' id='word_1_132' title='bbox 198 1616 347 1677; x_wconf 88' lang='lat' dir='ltr'><strong>laudatum</strong></span> <span class='ocrx_word' id='word_1_133' title='bbox 367 1617 519 1692; x_wconf 81' lang='lat' dir='ltr'><strong>magnifice</strong></span> <span class='ocrx_word' id='word_1_134' title='bbox 532 1633 588 1694; x_wconf 92' lang='lat' dir='ltr'><strong>pro</strong></span> <span class='ocrx_word' id='word_1_135' title='bbox 602 1619 740 1676; x_wconf 90' lang='lat' dir='ltr'><strong>contione</strong></span> <span class='ocrx_word' id='word_1_136' title='bbox 752 1617 923 1693; x_wconf 81' lang='lat' dir='ltr'><strong>Iugurtham</strong></span> <span class='ocrx_word' id='word_1_137' title='bbox 937 1619 967 1676; x_wconf 93' lang='lat' dir='ltr'><strong>in</strong></span> <span class='ocrx_word' id='word_1_138' title='bbox 987 1633 1072 1694; x_wconf 87' lang='lat' dir='ltr'><strong>prae·</strong></span> 
     </span>
     <span class='ocr_line' id='line_1_20' title="bbox 97 1698 1072 1778; baseline 0.004 -22"><span class='ocrx_word' id='word_1_139' title='bbox 97 1701 206 1758; x_wconf 80' lang='lat' dir='ltr'><strong>lorium</strong></span> <span class='ocrx_word' id='word_1_140' title='bbox 228 1698 348 1759; x_wconf 85' lang='lat' dir='ltr'><strong>abduxit</strong></span> <span class='ocrx_word' id='word_1_141' title='bbox 368 1698 466 1777; x_wconf 88' lang='lat' dir='ltr'><strong>ibique</strong></span> <span class='ocrx_word' id='word_1_142' title='bbox 487 1705 600 1760; x_wconf 84' lang='lat' dir='ltr'><strong>secreto</strong></span> <span class='ocrx_word' id='word_1_143' title='bbox 624 1701 753 1767; x_wconf 87' lang='lat' dir='ltr'><strong>monuit,</strong></span> <span class='ocrx_word' id='word_1_144' title='bbox 782 1707 815 1760; x_wconf 91' lang='lat' dir='ltr'><strong>ut</strong></span> <span class='ocrx_word' id='word_1_145' title='bbox 841 1700 937 1776; x_wconf 90' lang='lat' dir='ltr'><strong>potius</strong></span> <span class='ocrx_word' id='word_1_146' title='bbox 956 1699 1072 1778; x_wconf 86' lang='lat' dir='ltr'><strong>publice</strong></span> 
     </span>
     <span class='ocr_line' id='line_1_21' title="bbox 99 1780 1073 1862; baseline 0.002 -22"><span class='ocrx_word' id='word_1_147' title='bbox 99 1793 188 1858; x_wconf 76' lang='lat' dir='ltr'><strong>qulam</strong></span> <span class='ocrx_word' id='word_1_148' title='bbox 209 1782 342 1860; x_wconf 83' lang='lat' dir='ltr'><strong>privatim</strong></span> <span class='ocrx_word' id='word_1_149' title='bbox 357 1783 510 1842; x_wconf 90' lang='lat' dir='ltr'><strong>amicitiam</strong></span> <span class='ocrx_word' id='word_1_150' title='bbox 524 1780 625 1861; x_wconf 90' lang='lat' dir='ltr'><strong>populi</strong></span> <span class='ocrx_word' id='word_1_151' title='bbox 644 1781 768 1843; x_wconf 86' lang='lat' dir='ltr'><strong>Romani</strong></span> <span class='ocrx_word' id='word_1_152' title='bbox 783 1782 905 1851; x_wconf 85' lang='lat' dir='ltr'><strong>coleret,</strong></span> <span class='ocrx_word' id='word_1_153' title='bbox 928 1799 986 1842; x_wconf 89' lang='lat' dir='ltr'><strong>neu</strong></span> <span class='ocrx_word' id='word_1_154' title='bbox 1009 1785 1073 1862; x_wconf 88' lang='lat' dir='ltr'><strong>qul·</strong></span> 
     </span>
     <span class='ocr_line' id='line_1_22' title="bbox 98 1863 1119 1944; baseline 0.002 -20"><span class='ocrx_word' id='word_1_155' title='bbox 98 1863 155 1924; x_wconf 86' lang='lat' dir='ltr'><strong>hus</strong></span> <span class='ocrx_word' id='word_1_156' title='bbox 168 1865 269 1941; x_wconf 87' lang='lat' dir='ltr'><strong>largiri</strong></span> <span class='ocrx_word' id='word_1_157' title='bbox 284 1867 475 1926; x_wconf 83' lang='lat' dir='ltr'><strong>insuesceret:</strong></span> <span class='ocrx_word' id='word_1_158' title='bbox 497 1865 660 1943; x_wconf 89' lang='lat' dir='ltr'><strong>periculose</strong></span> <span class='ocrx_word' id='word_1_159' title='bbox 674 1884 690 1926; x_wconf 91' lang='lat' dir='ltr'><strong>a</strong></span> <span class='ocrx_word' id='word_1_160' title='bbox 709 1867 810 1943; x_wconf 88' lang='lat' dir='ltr'><strong>paucis</strong></span> <span class='ocrx_word' id='word_1_161' title='bbox 826 1867 883 1926; x_wconf 91' lang='lat' dir='ltr'><strong>emi</strong></span> <span class='ocrx_word' id='word_1_162' title='bbox 901 1865 1071 1944; x_wconf 79' lang='lat' dir='ltr'><strong>quod&#39;mul-</strong></span> <span class='ocrx_word' id='word_1_163' title='bbox 1113 1931 1119 1942; x_wconf 39' lang='lat'><strong><em>¹</em></strong></span> 
     </span>
     <span class='ocr_line' id='line_1_23' title="bbox 61 1949 1071 2027; baseline 0.006 -23"><span class='ocrx_word' id='word_1_164' title='bbox 61 1954 195 2008; x_wconf 84' lang='lat' dir='ltr'><strong>actorum</strong></span> <span class='ocrx_word' id='word_1_165' title='bbox 213 1956 305 2009; x_wconf 87' lang='lat' dir='ltr'><strong>esset:</strong></span> <span class='ocrx_word' id='word_1_166' title='bbox 327 1951 350 2009; x_wconf 86' lang='lat' dir='ltr'><strong>si</strong></span> <span class='ocrx_word' id='word_1_167' title='bbox 370 1965 544 2027; x_wconf 84' lang='lat' dir='ltr'><strong>permanere</strong></span> <span class='ocrx_word' id='word_1_168' title='bbox 564 1949 651 2010; x_wconf 81' lang='lat' dir='ltr'><strong>vellet</strong></span> <span class='ocrx_word' id='word_1_169' title='bbox 667 1951 697 2010; x_wconf 92' lang='lat' dir='ltr'><strong>in</strong></span> <span class='ocrx_word' id='word_1_170' title='bbox 711 1951 770 2010; x_wconf 90' lang='lat' dir='ltr'><strong>suis</strong></span> <span class='ocrx_word' id='word_1_171' title='bbox 786 1949 911 2018; x_wconf 89' lang='lat' dir='ltr'><strong>artibus,</strong></span> <span class='ocrx_word' id='word_1_172' title='bbox 933 1949 1011 2010; x_wconf 92' lang='lat' dir='ltr'><strong>ultro</strong></span> <span class='ocrx_word' id='word_1_173' title='bbox 1031 1950 1071 2010; x_wconf 89' lang='lat' dir='ltr'><strong>illi</strong></span> 
     </span>
     <span class='ocr_line' id='line_1_24' title="bbox 99 2031 1069 2111; baseline 0.002 -21"><span class='ocrx_word' id='word_1_174' title='bbox 99 2037 128 2091; x_wconf 88' lang='lat' dir='ltr'><strong>et</strong></span> <span class='ocrx_word' id='word_1_175' title='bbox 141 2031 263 2107; x_wconf 82' lang='lat' dir='ltr'><strong>gloriam</strong></span> <span class='ocrx_word' id='word_1_176' title='bbox 278 2038 307 2093; x_wconf 88' lang='lat' dir='ltr'><strong>et</strong></span> <span class='ocrx_word' id='word_1_177' title='bbox 322 2049 446 2110; x_wconf 89' lang='lat' dir='ltr'><strong>regnum</strong></span> <span class='ocrx_word' id='word_1_178' title='bbox 459 2039 623 2102; x_wconf 87' lang='lat' dir='ltr'><strong>venturum,</strong></span> <span class='ocrx_word' id='word_1_179' title='bbox 642 2034 687 2094; x_wconf 89' lang='lat' dir='ltr'><strong>sin</strong></span> <span class='ocrx_word' id='word_1_180' title='bbox 703 2035 908 2111; x_wconf 86' lang='lat' dir='ltr'><strong>properantius</strong></span> <span class='ocrx_word' id='word_1_181' title='bbox 923 2042 1069 2111; x_wconf 87' lang='lat' dir='ltr'><strong>pergeret,</strong></span> 
     </span>
     <span class='ocr_line' id='line_1_25' title="bbox 98 2115 1104 2196; baseline 0.003 -22"><span class='ocrx_word' id='word_1_182' title='bbox 98 2121 211 2175; x_wconf 86' lang='lat' dir='ltr'><strong>suamet</strong></span> <span class='ocrx_word' id='word_1_183' title='bbox 231 2117 326 2194; x_wconf 88' lang='lat' dir='ltr'><strong>ipsum</strong></span> <span class='ocrx_word' id='word_1_184' title='bbox 346 2119 469 2194; x_wconf 91' lang='lat' dir='ltr'><strong>pecunia</strong></span> <span class='ocrx_word' id='word_1_185' title='bbox 490 2118 677 2196; x_wconf 88' lang='lat' dir='ltr'><strong>praecipitem</strong></span> <span class='ocrx_word' id='word_1_186' title='bbox 702 2133 848 2176; x_wconf 87' lang='lat' dir='ltr'><strong>casurum</strong></span> <span class='ocrx_word' id='word_1_187' title='bbox 890 2116 938 2176; x_wconf 86' lang='lat' dir='ltr'><strong>Sic</strong></span> <span class='ocrx_word' id='word_1_188' title='bbox 959 2115 1104 2178; x_wconf 88' lang='lat' dir='ltr'><strong>locutus9</strong></span> 
     </span>
     <span class='ocr_line' id='line_1_26' title="bbox 99 2198 1072 2278; baseline 0 -20"><span class='ocrx_word' id='word_1_189' title='bbox 99 2215 167 2258; x_wconf 93' lang='lat' dir='ltr'><strong>cum</strong></span> <span class='ocrx_word' id='word_1_190' title='bbox 183 2199 286 2260; x_wconf 89' lang='lat' dir='ltr'><strong>litteris</strong></span> <span class='ocrx_word' id='word_1_191' title='bbox 303 2217 379 2267; x_wconf 90' lang='lat' dir='ltr'><strong>eum,</strong></span> <span class='ocrx_word' id='word_1_192' title='bbox 401 2217 473 2278; x_wconf 87' lang='lat' dir='ltr'><strong>quas</strong></span> <span class='ocrx_word' id='word_1_193' title='bbox 486 2200 621 2277; x_wconf 82' lang='lat' dir='ltr'><strong>Micipsae</strong></span> <span class='ocrx_word' id='word_1_194' title='bbox 641 2198 786 2268; x_wconf 87' lang='lat' dir='ltr'><strong>redderet,</strong></span> <span class='ocrx_word' id='word_1_195' title='bbox 799 2199 924 2265; x_wconf 87' lang='lat' dir='ltr'><strong>dimisit.</strong></span> <span class='ocrx_word' id='word_1_196' title='bbox 963 2199 1072 2258; x_wconf 84' lang='lat' dir='ltr'><strong>Earum</strong></span> 
     </span>
     <span class='ocr_line' id='line_1_27' title="bbox 99 2279 1099 2364; baseline 0.001 -24"><span class='ocrx_word' id='word_1_197' title='bbox 99 2283 241 2342; x_wconf 83' lang='lat' dir='ltr'><strong>sententia</strong></span> <span class='ocrx_word' id='word_1_198' title='bbox 262 2283 351 2364; x_wconf 91' lang='lat' dir='ltr'><strong>haec</strong></span> <span class='ocrx_word' id='word_1_199' title='bbox 352 2289 429 2341; x_wconf 89' lang='lat' dir='ltr'><strong>erat:</strong></span> <span class='ocrx_word' id='word_1_200' title='bbox 453 2280 618 2358; x_wconf 87' lang='lat' dir='ltr'><strong>‘Iugurthae</strong></span> <span class='ocrx_word' id='word_1_201' title='bbox 637 2283 679 2340; x_wconf 89' lang='lat' dir='ltr'><strong>tui</strong></span> <span class='ocrx_word' id='word_1_202' title='bbox 700 2280 776 2340; x_wconf 88' lang='lat' dir='ltr'><strong>hallo</strong></span> <span class='ocrx_word' id='word_1_203' title='bbox 794 2281 970 2340; x_wconf 89' lang='lat' dir='ltr'><strong>Numantino</strong></span> <span class='ocrx_word' id='word_1_204' title='bbox 987 2279 1099 2356; x_wconf 74' lang='lat' dir='ltr'><strong>longos</strong></span> 
     </span>
     <span class='ocr_line' id='line_1_28' title="bbox 63 2362 1070 2442; baseline 0 -18"><span class='ocrx_word' id='word_1_205' title='bbox 63 2382 235 2424; x_wconf 77' lang='lat' dir='ltr'><strong>mmaxuma</strong></span> <span class='ocrx_word' id='word_1_206' title='bbox 252 2367 344 2424; x_wconf 71' lang='lat' dir='ltr'><strong>nutus</strong></span> <span class='ocrx_word' id='word_1_207' title='bbox 363 2364 425 2430; x_wconf 88' lang='lat' dir='ltr'><strong>iuit,</strong></span> <span class='ocrx_word' id='word_1_208' title='bbox 442 2382 529 2442; x_wconf 91' lang='lat' dir='ltr'><strong>quam</strong></span> <span class='ocrx_word' id='word_1_209' title='bbox 546 2381 610 2423; x_wconf 91' lang='lat' dir='ltr'><strong>rem</strong></span> <span class='ocrx_word' id='word_1_210' title='bbox 628 2362 680 2423; x_wconf 92' lang='lat' dir='ltr'><strong>tihi</strong></span> <span class='ocrx_word' id='word_1_211' title='bbox 700 2369 780 2422; x_wconf 88' lang='lat' dir='ltr'><strong>certo</strong></span> <span class='ocrx_word' id='word_1_212' title='bbox 796 2364 856 2423; x_wconf 88' lang='lat' dir='ltr'><strong>scio</strong></span> <span class='ocrx_word' id='word_1_213' title='bbox 872 2363 978 2442; x_wconf 83' lang='lat' dir='ltr'><strong>gaudio</strong></span> <span class='ocrx_word' id='word_1_214' title='bbox 997 2381 1070 2424; x_wconf 90' lang='lat' dir='ltr'><strong>esse.</strong></span> 
     </span>
     <span class='ocr_line' id='line_1_29' title="bbox 100 2437 1072 2525; baseline 0 -17"><span class='ocrx_word' id='word_1_215' title='bbox 100 2446 191 2508; x_wconf 90' lang='lat' dir='ltr'><strong>Nobis</strong></span> <span class='ocrx_word' id='word_1_216' title='bbox 206 2446 243 2506; x_wconf 93' lang='lat' dir='ltr'><strong>oh</strong></span> <span class='ocrx_word' id='word_1_217' title='bbox 259 2449 361 2507; x_wconf 87' lang='lat' dir='ltr'><strong>merita</strong></span> <span class='ocrx_word' id='word_1_218' title='bbox 375 2465 427 2506; x_wconf 92' lang='lat' dir='ltr'><strong>sua</strong></span> <span class='ocrx_word' id='word_1_219' title='bbox 448 2463 534 2506; x_wconf 85' lang='lat' dir='ltr'><strong>carus</strong></span> <span class='ocrx_word' id='word_1_220' title='bbox 555 2451 611 2505; x_wconf 88' lang='lat' dir='ltr'><strong>est:</strong></span> <span class='ocrx_word' id='word_1_221' title='bbox 634 2453 667 2505; x_wconf 87' lang='lat' dir='ltr'><strong>ut</strong></span> <span class='ocrx_word' id='word_1_222' title='bbox 684 2445 761 2506; x_wconf 89' lang='lat' dir='ltr'><strong>idem</strong></span> <span class='ocrx_word' id='word_1_223' title='bbox 775 2447 888 2506; x_wconf 87' lang='lat' dir='ltr'><strong>senatui</strong></span> <span class='ocrx_word' id='word_1_224' title='bbox 906 2437 1072 2525; x_wconf 89' lang='lat' dir='ltr'><strong>populoque</strong></span> 
     </span>
     <span class='ocr_line' id='line_1_30' title="bbox 79 2528 1071 2608; baseline 0 -17"><span class='ocrx_word' id='word_1_225' title='bbox 79 2531 233 2591; x_wconf 85' lang='lat' dir='ltr'><strong>Romano</strong></span> <span class='ocrx_word' id='word_1_226' title='bbox 252 2533 304 2600; x_wconf 89' lang='lat' dir='ltr'><strong>sit,</strong></span> <span class='ocrx_word' id='word_1_227' title='bbox 324 2546 437 2591; x_wconf 85' lang='lat' dir='ltr'><strong>summa</strong></span> <span class='ocrx_word' id='word_1_228' title='bbox 453 2547 508 2607; x_wconf 92' lang='lat' dir='ltr'><strong>ope</strong></span> <span class='ocrx_word' id='word_1_229' title='bbox 523 2531 658 2589; x_wconf 89' lang='lat' dir='ltr'><strong>nitemur.</strong></span> <span class='ocrx_word' id='word_1_230' title='bbox 691 2528 755 2589; x_wconf 81' lang='lat' dir='ltr'><strong>libi</strong></span> <span class='ocrx_word' id='word_1_231' title='bbox 768 2529 883 2608; x_wconf 89' lang='lat' dir='ltr'><strong>quidem</strong></span> <span class='ocrx_word' id='word_1_232' title='bbox 904 2547 959 2607; x_wconf 92' lang='lat' dir='ltr'><strong>pro</strong></span> <span class='ocrx_word' id='word_1_233' title='bbox 973 2537 1071 2592; x_wconf 89' lang='lat' dir='ltr'><strong>nostra</strong></span> 
     </span>
     <span class='ocr_line' id='line_1_31' title="bbox 100 2613 1073 2692; baseline 0.001 -18"><span class='ocrx_word' id='word_1_234' title='bbox 100 2615 223 2675; x_wconf 87' lang='lat' dir='ltr'><strong>amicitia</strong></span> <span class='ocrx_word' id='word_1_235' title='bbox 237 2614 377 2692; x_wconf 87' lang='lat' dir='ltr'><strong>gratulor.</strong></span> <span class='ocrx_word' id='word_1_236' title='bbox 404 2613 447 2674; x_wconf 86' lang='lat' dir='ltr'><strong>En</strong></span> <span class='ocrx_word' id='word_1_237' title='bbox 464 2613 554 2673; x_wconf 90' lang='lat' dir='ltr'><strong>hahes</strong></span> <span class='ocrx_word' id='word_1_238' title='bbox 568 2613 662 2672; x_wconf 81' lang='lat' dir='ltr'><strong>rhum</strong></span> <span class='ocrx_word' id='word_1_239' title='bbox 673 2613 792 2690; x_wconf 89' lang='lat' dir='ltr'><strong>dignum</strong></span> <span class='ocrx_word' id='word_1_240' title='bbox 806 2619 835 2672; x_wconf 92' lang='lat' dir='ltr'><strong>te</strong></span> <span class='ocrx_word' id='word_1_241' title='bbox 851 2620 937 2692; x_wconf 86' lang='lat' dir='ltr'><strong>atqua</strong></span> <span class='ocrx_word' id='word_1_242' title='bbox 951 2628 1005 2674; x_wconf 83' lang='lat' dir='ltr'><strong>avo</strong></span> <span class='ocrx_word' id='word_1_243' title='bbox 1019 2631 1073 2674; x_wconf 89' lang='lat' dir='ltr'><strong>suo</strong></span> 
     </span>
     <span class='ocr_line' id='line_1_32' title="bbox 99 2696 1100 2776; baseline 0.001 -18"><span class='ocrx_word' id='word_1_244' title='bbox 99 2697 267 2759; x_wconf 64' lang='lat' dir='ltr'><strong>Masinissa?</strong></span> <span class='ocrx_word' id='word_1_245' title='bbox 307 2697 398 2774; x_wconf 80' lang='lat' dir='ltr'><strong>lg&#39;itur</strong></span> <span class='ocrx_word' id='word_1_246' title='bbox 419 2715 485 2765; x_wconf 84' lang='lat' dir='ltr'><strong>rex,</strong></span> <span class='ocrx_word' id='word_1_247' title='bbox 509 2696 561 2758; x_wconf 92' lang='lat' dir='ltr'><strong>uhi</strong></span> <span class='ocrx_word' id='word_1_248' title='bbox 582 2713 632 2764; x_wconf 90' lang='lat' dir='ltr'><strong>ca,</strong></span> <span class='ocrx_word' id='word_1_249' title='bbox 655 2713 730 2776; x_wconf 86' lang='lat' dir='ltr'><strong>quae</strong></span> <span class='ocrx_word' id='word_1_250' title='bbox 749 2697 827 2757; x_wconf 89' lang='lat' dir='ltr'><strong>lama</strong></span> <span class='ocrx_word' id='word_1_251' title='bbox 845 2705 1013 2775; x_wconf 88' lang='lat' dir='ltr'><strong>acceperat,</strong></span> <span class='ocrx_word' id='word_1_252' title='bbox 1037 2709 1100 2760; x_wconf 74' lang='lat' dir='ltr'><strong>eru</strong></span> 
     </span>
     <span class='ocr_line' id='line_1_33' title="bbox 64 2780 1074 2860; baseline -0.002 -18"><span class='ocrx_word' id='word_1_253' title='bbox 64 2781 202 2842; x_wconf 79' lang='lat' dir='ltr'><strong>aulitteris</strong></span> <span class='ocrx_word' id='word_1_254' title='bbox 213 2783 386 2860; x_wconf 79' lang='lat' dir='ltr'><strong>inperatoris</strong></span> <span class='ocrx_word' id='word_1_255' title='bbox 396 2782 435 2841; x_wconf 90' lang='lat' dir='ltr'><strong>ita</strong></span> <span class='ocrx_word' id='word_1_256' title='bbox 451 2797 515 2841; x_wconf 91' lang='lat' dir='ltr'><strong>esse</strong></span> <span class='ocrx_word' id='word_1_257' title='bbox 533 2780 676 2856; x_wconf 82' lang='lat' dir='ltr'><strong>cognovit,</strong></span> <span class='ocrx_word' id='word_1_258' title='bbox 699 2797 766 2840; x_wconf 91' lang='lat' dir='ltr'><strong>cum</strong></span> <span class='ocrx_word' id='word_1_259' title='bbox 778 2781 885 2840; x_wconf 82' lang='lat' dir='ltr'><strong>uirtute</strong></span> <span class='ocrx_word' id='word_1_260' title='bbox 905 2789 968 2840; x_wconf 87' lang='lat' dir='ltr'><strong>tum</strong></span> <span class='ocrx_word' id='word_1_261' title='bbox 982 2782 1074 2856; x_wconf 87' lang='lat' dir='ltr'><strong>gratia</strong></span> 
     </span>
     <span class='ocr_line' id='line_1_34' title="bbox 100 2862 1074 2941; baseline 0 -19"><span class='ocrx_word' id='word_1_262' title='bbox 100 2866 155 2923; x_wconf 82' lang='lat' dir='ltr'><strong>uiri</strong></span> <span class='ocrx_word' id='word_1_263' title='bbox 175 2871 325 2941; x_wconf 88' lang='lat' dir='ltr'><strong>permotus</strong></span> <span class='ocrx_word' id='word_1_264' title='bbox 344 2863 424 2925; x_wconf 85' lang='lat' dir='ltr'><strong>llexit</strong></span> <span class='ocrx_word' id='word_1_265' title='bbox 444 2866 573 2924; x_wconf 78' lang='lat' dir='ltr'><strong>annuum</strong></span> <span class='ocrx_word' id='word_1_266' title='bbox 594 2879 680 2922; x_wconf 87' lang='lat' dir='ltr'><strong>suum</strong></span> <span class='ocrx_word' id='word_1_267' title='bbox 700 2870 729 2922; x_wconf 91' lang='lat' dir='ltr'><strong>et</strong></span> <span class='ocrx_word' id='word_1_268' title='bbox 744 2862 915 2938; x_wconf 84' lang='lat' dir='ltr'><strong>Iugurtham</strong></span> <span class='ocrx_word' id='word_1_269' title='bbox 935 2863 1074 2922; x_wconf 78' lang='lat' dir='ltr'><strong>benificiis</strong></span> 
     </span>
     <span class='ocr_line' id='line_1_35' title="bbox 41 2946 1073 3024; baseline 0 -18"><span class='ocrx_word' id='word_1_270' title='bbox 41 2969 46 2974; x_wconf 94' lang='lat'>·</span> <span class='ocrx_word' id='word_1_271' title='bbox 101 2949 217 3006; x_wconf 88' lang='lat' dir='ltr'><strong>vincere</strong></span> <span class='ocrx_word' id='word_1_272' title='bbox 238 2948 393 3023; x_wconf 83' lang='lat' dir='ltr'><strong>adgressus</strong></span> <span class='ocrx_word' id='word_1_273' title='bbox 414 2955 458 3008; x_wconf 90' lang='lat' dir='ltr'><strong>est</strong></span> <span class='ocrx_word' id='word_1_274' title='bbox 478 2947 630 3024; x_wconf 87' lang='lat' dir='ltr'><strong>statimque</strong></span> <span class='ocrx_word' id='word_1_275' title='bbox 653 2963 720 3006; x_wconf 89' lang='lat' dir='ltr'><strong>eum</strong></span> <span class='ocrx_word' id='word_1_276' title='bbox 747 2946 904 3024; x_wconf 84' lang='lat' dir='ltr'><strong>adoptavit,</strong></span> <span class='ocrx_word' id='word_1_277' title='bbox 932 2953 961 3006; x_wconf 90' lang='lat' dir='ltr'><strong>et</strong></span> <span class='ocrx_word' id='word_1_278' title='bbox 986 2950 1073 3006; x_wconf 87' lang='lat' dir='ltr'><strong>testa·</strong></span> 
     </span>
     <span class='ocr_line' id='line_1_36' title="bbox 101 3029 808 3108; baseline -0.003 -18"><span class='ocrx_word' id='word_1_279' title='bbox 101 3035 200 3090; x_wconf 92' lang='lat' dir='ltr'><strong>mento</strong></span> <span class='ocrx_word' id='word_1_280' title='bbox 221 3033 331 3108; x_wconf 85' lang='lat' dir='ltr'><strong>pariter</strong></span> <span class='ocrx_word' id='word_1_281' title='bbox 350 3045 417 3090; x_wconf 90' lang='lat' dir='ltr'><strong>cum</strong></span> <span class='ocrx_word' id='word_1_282' title='bbox 435 3030 500 3092; x_wconf 87' lang='lat' dir='ltr'><strong>liliis</strong></span> <span class='ocrx_word' id='word_1_283' title='bbox 517 3029 657 3090; x_wconf 89' lang='lat' dir='ltr'><strong>heredem</strong></span> <span class='ocrx_word' id='word_1_284' title='bbox 678 3030 808 3090; x_wconf 88' lang='lat' dir='ltr'><strong>instituit.</strong></span> 
     </span>
     <span class='ocr_line' id='line_1_37' title="bbox 186 3085 1099 3193; baseline -0.002 -20"><span class='ocrx_word' id='word_1_285' title='bbox 186 3113 257 3174; x_wconf 88' lang='lat' dir='ltr'><strong>Set&#39;</strong></span> <span class='ocrx_word' id='word_1_286' title='bbox 250 3131 311 3191; x_wconf 78' lang='lat' dir='ltr'><strong>ipse</strong></span> <span class='ocrx_word' id='word_1_287' title='bbox 326 3130 435 3192; x_wconf 86' lang='lat' dir='ltr'><strong>paucos</strong></span> <span class='ocrx_word' id='word_1_288' title='bbox 451 3119 517 3191; x_wconf 89' lang='lat' dir='ltr'><strong>post</strong></span> <span class='ocrx_word' id='word_1_289' title='bbox 534 3131 626 3174; x_wconf 83' lang='lat' dir='ltr'><strong>annos</strong></span> <span class='ocrx_word' id='word_1_290' title='bbox 643 3112 747 3173; x_wconf 91' lang='lat' dir='ltr'><strong>morhu</strong></span> <span class='ocrx_word' id='word_1_291' title='bbox 765 3118 882 3193; x_wconf 84' lang='lat' dir='ltr'><strong>atque</strong></span> <span class='ocrx_word' id='word_1_292' title='bbox 867 3118 959 3172; x_wconf 87' lang='lat' dir='ltr'><strong>aetate</strong></span> <span class='ocrx_word' id='word_1_293' title='bbox 975 3085 1072 3173; x_wconf 86' lang='lat' dir='ltr'><strong>conlo·</strong></span> <span class='ocrx_word' id='word_1_294' title='bbox 1081 3124 1099 3171; x_wconf 84' lang='lat'>4</span> 
     </span>
     <span class='ocr_line' id='line_1_38' title="bbox 67 3192 1074 3272; baseline -0.006 -13"><span class='ocrx_word' id='word_1_295' title='bbox 67 3203 166 3259; x_wconf 79' lang='lat' dir='ltr'><strong>uectus</strong></span> <span class='ocrx_word' id='word_1_296' title='bbox 182 3215 250 3258; x_wconf 93' lang='lat' dir='ltr'><strong>cum</strong></span> <span class='ocrx_word' id='word_1_297' title='bbox 264 3195 319 3256; x_wconf 84' lang='lat' dir='ltr'><strong>sihi</strong></span> <span class='ocrx_word' id='word_1_298' title='bbox 332 3197 420 3256; x_wconf 88' lang='lat' dir='ltr'><strong>flncm</strong></span> <span class='ocrx_word' id='word_1_299' title='bbox 436 3198 510 3257; x_wconf 86' lang='lat' dir='ltr'><strong>vitae</strong></span> <span class='ocrx_word' id='word_1_300' title='bbox 529 3197 629 3258; x_wconf 85' lang='lat' dir='ltr'><strong>adesse</strong></span> <span class='ocrx_word' id='word_1_301' title='bbox 649 3195 838 3272; x_wconf 87' lang='lat' dir='ltr'><strong>intellegeret,</strong></span> <span class='ocrx_word' id='word_1_302' title='bbox 858 3192 957 3256; x_wconf 83' lang='lat' dir='ltr'><strong>coram</strong></span> <span class='ocrx_word' id='word_1_303' title='bbox 975 3197 1074 3255; x_wconf 90' lang='lat' dir='ltr'><strong>amicis</strong></span> 
     </span>
     <span class='ocr_line' id='line_1_39' title="bbox 103 3279 1074 3358; baseline -0.002 -19"><span class='ocrx_word' id='word_1_304' title='bbox 103 3287 132 3339; x_wconf 91' lang='lat' dir='ltr'><strong>et</strong></span> <span class='ocrx_word' id='word_1_305' title='bbox 152 3281 281 3357; x_wconf 85' lang='lat' dir='ltr'><strong>cognatis</strong></span> <span class='ocrx_word' id='word_1_306' title='bbox 300 3282 429 3358; x_wconf 86' lang='lat' dir='ltr'><strong>itemque</strong></span> <span class='ocrx_word' id='word_1_307' title='bbox 452 3279 616 3342; x_wconf 75' lang='lat' dir='ltr'><strong>Adherbale</strong></span> <span class='ocrx_word' id='word_1_308' title='bbox 643 3287 672 3340; x_wconf 89' lang='lat' dir='ltr'><strong>et</strong></span> <span class='ocrx_word' id='word_1_309' title='bbox 693 3279 857 3357; x_wconf 88' lang='lat' dir='ltr'><strong>Hiempsale</strong></span> <span class='ocrx_word' id='word_1_310' title='bbox 883 3279 948 3339; x_wconf 85' lang='lat' dir='ltr'><strong>liliis</strong></span> <span class='ocrx_word' id='word_1_311' title='bbox 969 3279 1074 3338; x_wconf 91' lang='lat' dir='ltr'><strong>dicitur</strong></span> 
     </span>
     <span class='ocr_line' id='line_1_40' title="bbox 101 3360 830 3440; baseline -0.001 -17"><span class='ocrx_word' id='word_1_312' title='bbox 101 3363 223 3423; x_wconf 88' lang='lat' dir='ltr'><strong>huiusce</strong></span> <span class='ocrx_word' id='word_1_313' title='bbox 241 3364 321 3424; x_wconf 89' lang='lat' dir='ltr'><strong>modi</strong></span> <span class='ocrx_word' id='word_1_314' title='bbox 336 3362 424 3424; x_wconf 85' lang='lat' dir='ltr'><strong>verba</strong></span> <span class='ocrx_word' id='word_1_315' title='bbox 442 3381 508 3425; x_wconf 89' lang='lat' dir='ltr'><strong>cum</strong></span> <span class='ocrx_word' id='word_1_316' title='bbox 523 3363 663 3440; x_wconf 85' lang='lat' dir='ltr'><strong>Iugurtha</strong></span> <span class='ocrx_word' id='word_1_317' title='bbox 679 3360 830 3423; x_wconf 85' lang='lat' dir='ltr'><strong>hahuisse:</strong></span> 
     </span>
     <span class='ocr_line' id='line_1_41' title="bbox 187 3442 1124 3526; baseline -0.001 -20"><span class='ocrx_word' id='word_1_318' title='bbox 187 3445 318 3508; x_wconf 82' lang='lat' dir='ltr'><strong>‘Parvom</strong></span> <span class='ocrx_word' id='word_1_319' title='bbox 330 3463 394 3524; x_wconf 88' lang='lat' dir='ltr'><strong>ego,</strong></span> <span class='ocrx_word' id='word_1_320' title='bbox 415 3446 565 3525; x_wconf 86' lang='lat' dir='ltr'><strong>Iugurtha,</strong></span> <span class='ocrx_word' id='word_1_321' title='bbox 585 3453 624 3516; x_wconf 90' lang='lat' dir='ltr'><strong>te,</strong></span> <span class='ocrx_word' id='word_1_322' title='bbox 646 3448 751 3506; x_wconf 87' lang='lat' dir='ltr'><strong>amisso</strong></span> <span class='ocrx_word' id='word_1_323' title='bbox 765 3452 849 3526; x_wconf 85' lang='lat' dir='ltr'><strong>patre</strong></span> <span class='ocrx_word' id='word_1_324' title='bbox 863 3448 926 3507; x_wconf 88' lang='lat' dir='ltr'><strong>sine</strong></span> <span class='ocrx_word' id='word_1_325' title='bbox 946 3462 998 3524; x_wconf 89' lang='lat' dir='ltr'><strong>spe</strong></span> <span class='ocrx_word' id='word_1_326' title='bbox 1012 3445 1074 3504; x_wconf 89' lang='lat' dir='ltr'><strong>sine</strong></span> <span class='ocrx_word' id='word_1_327' title='bbox 1086 3442 1124 3505; x_wconf 85' lang='grc'><strong>10</strong></span> 
     </span>
    </p>
   </div>
   <div class='ocr_carea' id='block_1_2' title="bbox 0 0 1272 3936">
    <p class='ocr_par' dir='ltr' id='par_1_4' title="bbox 0 0 1272 3936">
     <span class='ocr_line' id='line_1_42' title="bbox 0 0 1272 3936; baseline 0 0"><span class='ocrx_word' id='word_1_328' title='bbox 0 0 1272 3936; x_wconf 95' lang='lat' dir='ltr'><strong> </strong></span> 
     </span>
    </p>
   </div>
  </div>
 </body>
</html>
