2548 3930
286 217 329 259 nu
351 189 453 259 buono
476 211 675 259 xvuvnrxxxuo
696 217 725 260 c,
747 208 790 265 43.
809 209 852 264 44.
873 212 915 264 45.
950 280 952 283 Ι
1049 203 1089 266 65

886 289 888 300 ,
999 299 1004 321 ,
1093 279 1103 298 ,

113 367 190 436 citui,
214 365 320 428 milites
343 364 473 446 scribere
500 365 644 443 praesidia
668 367 797 444 undique
824 384 985 436 accersere,
1009 385 1090 428 arma
1160 414 1165 423 s

111 449 178 520 tela,
198 467 289 528 equos
311 457 340 510 et
361 455 459 509 cetera
479 451 672 512 instrumenta
692 449 809 510 militiae
832 468 952 528 parare,
976 450 1012 511 ad
1033 450 1089 512 hoc

112 539 297 594 conmeatum
313 532 446 612 adfatim,
463 533 588 612 denique
604 535 714 602 omnia,
734 536 855 612 quaein
872 534 949 594 bello
963 535 1044 594 vario
1061 541 1090 595 et

111 616 271 679 multarum
292 634 392 677 rerum
410 619 506 694 egenti
526 619 593 678 usui
615 635 679 678 esse
700 617 802 678 solent.
848 616 985 679 Ceterum
1004 618 1042 678 ad
1056 633 1117 681 eae

88 701 254 780 spetranda
275 707 393 761 senatus
413 702 598 769 auctoritate,
621 702 693 760 socii
713 719 879 779 nomenque
905 701 1041 762 Latinum
1062 709 1091 762 ct
1197 713 1200 720 ⁴

110 800 198 861 reges
211 784 290 844 ultro
309 783 413 845 auxilia
426 785 581 853 mittundo,'
591 790 740 862 postremo
755 787 848 846 omnis
864 787 963 845 civitas
975 802 1090 845 summo

111 867 207 928 studio
221 867 413 928 adnitebatur.
446 867 548 946 Itaque
563 886 600 927 ex
621 871 762 928 sententia
779 867 914 929 omnibus
932 868 1022 929 rebus
1036 875 1114 946 ρει-5

110 953 181 1011 ratis
202 947 416 1031 conpositisque
438 953 469 1012 iu
490 950 655 1011 Numidiam
675 951 885 1028 proficiscitur,
913 969 1020 1032 magna
1038 969 1090 1028 spe
1160 1019 1165 1023 f

110 1037 217 1095 civium
239 1053 305 1095 cum
326 1041 448 1112 propter
465 1035 535 1094 artis
548 1034 642 1095 bonas
656 1039 718 1094 tum
737 1049 872 1095 maxume
888 1025 967 1114 quo'd
987 1035 1090 1116 adpor-

75 1135 101 1177 ro
111 1135 176 1178 sum
195 1118 305 1178 divitias
322 1119 462 1178 invictum
475 1119 605 1178 animum
622 1117 744 1194 gerebat
757 1124 787 1178 et
804 1120 922 1184 avaritia
938 1121 1090 1196 magistra·

109 1209 192 1262 tuum
217 1207 284 1262 ante
312 1202 341 1261 id
367 1207 484 1278 tempus
506 1203 537 1262 in
559 1200 695 1278 Numidia
715 1207 833 1274 nostrae
858 1218 929 1280 opes
951 1207 1090 1262 contusae

108 1285 294 1364 hostiumque
315 1291 417 1346 auctae
439 1291 542 1346 erant„

192 1369 244 1428 Set
263 1369 315 1429 ubi
333 1370 363 1427 in
383 1369 510 1430 Africam
531 1371 626 1437 venit,
643 1369 793 1428 exercitus
812 1370 839 1428 ei
858 1368 1021 1429 traditur-a
1040 1367 1140 1450 spel

108 1450 214 1510 Albino
235 1468 290 1528 pro
319 1451 439 1512 consule
463 1454 543 1517 iners
568 1451 698 1522 inbellis,
726 1469 823 1531 neque
846 1451 974 1529 periculi
994 1463 1089 1531 neque

71 1548 99 1590 rt
109 1533 219 1594 laboris
237 1535 367 1611 patiens,
388 1532 487 1611 lingua
505 1553 594 1612 quam
615 1552 704 1594 manu
722 1537 902 1612 promptior,
932 1536 1089 1613 praedator

108 1636 145 1688 ex
168 1619 254 1678 sociis
276 1625 306 1678 et
325 1618 388 1694 ipse
402 1616 513 1693 praeda
527 1617 670 1685 bostium,
690 1618 752 1678 sine
772 1619 885 1694 inperio
903 1624 930 1676 el
948 1618 1088 1678 modestia

108 1699 233 1760 habitus.
275 1701 319 1760 lta
340 1702 501 1777 inperatori
515 1717 591 1760 novo
605 1698 671 1779 plus
686 1718 722 1760 ex
737 1699 820 1760 malis
834 1699 966 1761 moribus
984 1699 1115 1761 sollici-2

108 1782 217 1845 tudinis
239 1801 327 1862 quam
342 1801 378 1844 ex
394 1785 477 1862 copia
491 1783 617 1848 militum
637 1783 725 1845 auxili
739 1789 788 1844 aut
809 1785 872 1862 spei
892 1782 987 1844 bonae
1002 1783 1087 1844 adcc·
1216 1783 1221 1796 ’

108 1865 204 1927 debat.
247 1868 351 1929 Statuit
377 1874 475 1928 tamen
495 1865 641 1936 llletellus,
670 1885 847 1946 quamquam
870 1873 898 1926 et
913 1869 1113 1933 aestivoruma

69 1957 224 2029 sotempus
235 1953 419 2012 comitiorum
431 1969 515 2012 mora
526 1953 703 2015 muunuerat
714 1959 744 2012 ct
754 1953 953 2030 expectatione
970 1957 1089 2026 eventus

109 2035 214 2094 civium
235 2036 347 2096 animos
373 2037 499 2096 intentos
519 2035 654 2115 putabat,
683 2053 742 2094 non
762 2037 845 2113 prius
866 2035 976 2095 bellum
995 2035 1088 2094 adtin-

108 2133 178 2193 gere
201 2135 288 2195 quam
310 2121 455 2180 maiorum
476 2117 628 2197 disciplina
650 2118 756 2179 milites
777 2118 914 2177 laborare
935 2119 1086 2192 coegisset.

107 2200 432 2273 Nam-Albinus‚1duli
458 2203 558 2263 fratris
578 2202 784 2278 exercitusque
814 2200 896 2260 clade
920 2199 1113 2277 perculsus,4
1167 2217 1170 2222 ·

107 2289 262 2360 postquam
284 2284 453 2345 decreverat
466 2303 527 2344 non
548 2283 649 2361 egredi
669 2283 835 2360 provincia,
858 2288 999 2359 quantum
1014 2287 1087 2342 tem·

69 2367 188 2444 coporis
203 2369 379 2427 aestivorum
396 2369 426 2428 in
441 2369 554 2444 inperio
576 2366 639 2433 luit,
657 2365 831 2443 plerumque
852 2363 957 2424 milites
979 2366 1088 2426 stativis

108 2451 211 2510 castris
231 2448 453 2518 babebat‚¹nisi
475 2469 547 2511 curu
565 2449 645 2510 odos.
658 2456 708 2509 aut
728 2448 829 2526 pabuli
847 2455 969 2525 ,egestas
989 2447 1086 2510 locum

107 2537 222 2594 mutare
239 2532 404 2610 subegerat.
428 2535 479 2594 Set
494 2551 589 2612 neque
600 2532 806 2594 muniebantur
822 2551 870 2602 ea,
880 2550 981 2611 ¹neque
1001 2541 1108 2593 moret

106 2615 225 2678 militari
235 2617 348 2696 vigiliae
366 2617 602 2680 deducebantur:
617 2618 660 2684 uti
671 2618 778 2695 cuique
791 2616 926 2685 lubebat,
944 2617 981 2677 ab
996 2618 1085 2694 signis

107 2699 225 2764 aberat:
242 2701 319 2778 lixae
331 2704 549 2783 permixti'oum
563 2699 702 2762 militibus
713 2701 762 2762 diu
777 2708 926 2778 noctuque
940 2699 1085 2776 vagaban-

68 2794 171 2848 aotur:
194 2792 224 2846 et
236 2785 367 2863 palantes
385 2804 473 2864 agros
493 2792 616 2854 vastare,
636 2785 716 2845 villas
732 2801 910 2862 expugnare,
927 2784 1042 2859 pecoris
1056 2788 1085 2841 et
1139 2789 1144 2810 ¹

106 2869 465 2948 mancipiorumpraedas
487 2874 633 2930 certantes
654 2887 756 2948 agere,
780 2883 873 2954 eaque
886 2871 1001 2925 mutare
1016 2882 1084 2926 cum

106 2951 322 3038 mercatoribus
334 2946 402 3014 'vino
422 2953 574 3014 advectitio
589 2958 618 3012 el
631 2951 693 3013 aliis
714 2951 835 3011 talibus:
856 2954 1009 3029 praetcrea
1022 2949 1084 3012 iru-
1196 2980 1204 3002 ·

8 3103 9 3106 ¹
106 3039 239 3094 mentum
260 3034 378 3112 publice
400 3037 499 3097 mlum
522 3035 658 3105 vendere,
678 3051 787 3114 panem
808 3035 838 3093 in
859 3030 921 3092 dies
942 3037 1083 3095 mereari:

106 3123 257 3204 postremo
272 3136 463 3198 quaecunque
485 3119 542 3180 dici
556 3125 606 3181 aut
626 3119 697 3196 fingi
715 3123 826 3196 queunt
846 3114 977 3196 ignaviae
998 3117 1083 3179 luxu·

68 3203 226 3282 aeriaeque
246 3202 370 3280 probra,
393 3205 423 3264 in
442 3204 492 3292 illq
514 3205 643 3266 exercitu
665 3207 769 3263 cuncta
790 3200 873 3262 luere
896 3207 925 3261 et
946 3201 1000 3262 alia
1021 3219 1087 3262 ame

106 3285 191 3364 plius.
236 3285 287 3346 Set
306 3288 336 3346 in
357 3306 391 3348 eo
412 3288 579 3349 difficultate
593 3285 740 3346 ldetellum
761 3303 821 3346 non
836 3287 932 3345 minus
952 3303 1038 3362 quam
1052 3283 1131 3344 {1145

107 3367 198 3428 rebus
218 3369 371 3432 hostilibus
385 3377 569 3449 magnumet
581 3372 742 3447 sapientem
761 3370 856 3430 virum
870 3369 960 3428 luisse
974 3385 1080 3446 conpe-

106 3453 183 3520 rior,
201 3458 280 3514 tauta
293 3458 485 3536 temperantia
507 3457 583 3518 inter
597 3453 783 3516 ambitionem
796 3453 1001 3530 saevitiamque
1018 3469 1081 3512 mo·

159 3549 292 3604 Sextusr.
907 3556 925 3611 5
