2536 3936
179 153 231 230 42,
385 175 426 215 nn
450 173 552 216 annno
573 170 773 216 rrevarnruo
796 173 823 216 c.
844 166 883 218 ιο.
903 165 944 218 11.

180 320 293 399 opibus,
309 323 339 382 ιιι
362 319 635 401 [mannil-regnam
651 323 764 400 accepi,
786 321 962 382 existumans
978 321 1154 380 conminus

180 422 227 465 me
241 404 292 465 tibi
303 421 390 484 quam
403 403 520 472 liberos,
535 404 560 464 si
573 407 747 483 genuissem,
763 404 801 466 ob
816 403 949 464 benificia
964 421 1066 464 aarum
1077 403 1153 474 lore,

153 501 275 567 sueque
293 486 355 568 [ea]
377 505 426 550 ros
446 485 551 548 falsum
571 506 618 550 me
636 488 745 550 habuit.
775 489 864 556 Nam,
881 493 915 547 ut
933 486 987 547 alia
1006 494 1155 562 magnast

181 573 298 648 egregia
316 580 365 632 tua
387 573 530 639 omittam,
552 573 718 633 novissume
740 572 857 633 rediens
873 570 1026 631 Numantia
1045 587 1154 648 meque

179 673 361 735 regnumque
382 673 480 719 meum
501 653 591 733 gloria
615 655 792 716 honoravisti
815 662 923 732 tuaque
943 656 1048 714 virtute
1066 651 1179 713 ιιοιιιεε

180 737 328 800 Romanos
345 757 380 798 ex
399 740 499 799 amicis
513 740 711 800 amicissumos
727 739 828 806 fecisti,
844 739 874 798 in
894 737 1155 814 Hispanianomen

181 821 306 882 lamhee
320 827 558 891 renovatumest,
577 829 743 900 postremo,
760 821 838 900 quod
852 819 1062 881 difficillumum
1077 822 1156 880 iuter

153 903 310 973 amortalis
330 912 381 974 est,
400 905 491 982 gloria
511 906 647 968 invidiam
667 907 767 966 vicisti.
807 906 907 972 Nunc,
928 905 1064 1001 quoniam
1082 902 1157 964 mihi

182 995 287 1048 natura
301 988 390 1050 linem
399 990 472 1049 vitae
482 988 559 1058 facit,
554 1007 625 1072 per
639 989 716 1050 hanc
730 990 887 1056 dexteram,
902 1005 955 1064 per
967 988 1051 1064 regni
1066 987 1157 1048 fidem
1252 1013 1253 1028 ι

181 1089 287 1132 moneo
301 1072 503 1151 obtestorque,
526 1063 568 1134 uti
583 1074 645 1142 hos,
663 1091 713 1151 qm
704 1073 781 1134 tibi
795 1088 903 1149 genere
916 1072 1081 1150 propinqui,
1100 1068 1154 1130 be·
1166 1087 1192 1126 ιο

180 1155 277 1216 ιιιιιειε
299 1173 365 1219 meo
385 1155 491 1216 batres
512 1164 594 1226 sunt,
613 1169 697 1216 caros
718 1155 840 1224 habeas,
857 1173 916 1216 neu
933 1153 1016 1214 malis
1042 1153 1156 1214 alienos

153 1238 341 1316 sadiungere
355 1257 443 1317 quarn
457 1242 598 1315 sanguino
613 1239 783 1300 coniunctos
799 1239 934 1304 retinere.
963 1236 1029 1298 Non
1041 1239 1155 1298 exorei-

181 1329 229 1382 tus
243 1339 339 1400 neque
349 1321 500 1382 thensauri
512 1322 656 1399 praesidia
666 1324 750 1398 regni
766 1327 841 1390 sunt,
857 1339 959 1382 verum
970 1323 1062 1389 amici,
1079 1337 1155 1398 quos

181 1422 277 1482 neque
299 1405 387 1464 armis
409 1420 514 1481 cogere
536 1423 631 1484 neque
653 1422 726 1466 auro
748 1422 854 1483 parare
881 1422 985 1483 queas:
1008 1403 1102 1464 officio
1125 1410 1157 1464 ει

154 1487 238 1556 elide
255 1489 417 1565 pariuntur.
448 1486 518 1558 Quis
533 1495 630 1550 autem
645 1489 773 1558 amicior,
789 1506 876 1567 quam
892 1488 983 1549 irater
994 1487 1093 1548 fratri?
1104 1493 1158 1548 aut
1168 1506 1194 1546 rs

155 1586 271 1650 cqrrem
292 1570 419 1632 alienum
435 1573 525 1634 lidum
539 1574 683 1641 invenies,
706 1575 731 1634 ει
751 1575 807 1634 tuis
820 1572 913 1635 hostis
926 1571 1036 1632 luerisl
1066 1571 1156 1648 Equi·
1252 1629 1253 1656 ,

182 1656 250 1717 dem
272 1672 327 1732 ego
346 1656 427 1718 vobis
447 1675 573 1734 regnum
593 1657 693 1726 trado,
716 1658 833 1718 tirmum
853 1657 878 1716 si
899 1655 969 1716 boni
990 1655 1085 1723 eritis,
1109 1655 1157 1714 sin
1252 1659 1253 1748 l

182 1738 250 1800 mali
267 1739 442 1800 inbecillum.
474 1740 547 1801 Nam
563 1741 718 1801 concordia
737 1758 843 1818 parrae
863 1757 913 1801 res
927 1744 1076 1804 crescunt,
1097 1736 1158 1798 dis·
1252 1751 1253 1786 t

155 1821 282 1885 acordia
302 1839 454 1882 maxumae
475 1822 650 1882 dllabuntur.
685 1822 819 1883 Ceterum
832 1828 898 1882 ante
913 1821 968 1880 hos
986 1828 1030 1887 te,
1049 1819 1159 1894 lugur-
1252 1845 1253 1850 ¹

146 1889 165 1926 ⁴
182 1903 241 1972 tha,
258 1905 323 1979 quia
338 1910 432 1964 aetate
449 1910 478 1964 et
491 1905 630 1982 sapientia
644 1906 726 1982 prior
739 1922 786 1972 es,
805 1922 843 1964 ne
860 1902 943 1964 aliter
958 1902 1027 1980 quid
1042 1903 1197 1964 eveniatao

69 2074 75 2090 =
181 1983 1160 2149 lllltllltlnlllhbldldlldldlldd

156 2153 306 2219 8videtur.
341 2153 398 2214 Vos
420 2160 525 2223 autem,
546 2153 693 2216 Adherbal
713 2160 743 2215 et
763 2152 925 2231 Hiempsal,
948 2151 1033 2214 colite
1055 2151 1159 2213 obser·

183 2244 248 2298 rate
262 2237 350 2298 talem
366 2238 447 2300 hunc
463 2239 572 2307 rhum,
587 2239 737 2300 imitamini
750 2239 884 2299 virtutem
899 2243 928 2298 et
944 2237 1096 2338 enitimini:
1117 2251 1160 2296 ιιε

184 2337 238 2397 ego
259 2321 394 2382 meliores
413 2321 522 2384 bberos
542 2324 698 2400 sumpsisse
718 2323 816 2384 videar
830 2339 918 2400 quam
938 2318 1091 2398 genuisse!
1168 2342 1197 2382 aa

134 2411 168 2469 ιι
266 2403 310 2463 Ad
330 2423 364 2464 ea
384 2403 539 2487 iugurtha,
559 2409 674 2467 tametsi
694 2423 795 2483 regem
815 2407 881 2466 licta
900 2404 1028 2466 locutum
1045 2400 1159 2464 intelle·

183 2483 270 2560 gebat
290 2487 342 2544 et
334 2502 396 2561 rpso
415 2486 502 2562 longe
510 2473 604 2548 ειιιει
625 2491 721 2550 animo
742 2488 880 2586 agitabat,
902 2494 1000 2548 ιιιιιειι
1014 2503 1069 2562 pro
1083 2492 1160 2546 tem·

157 2577 256 2645 apore
270 2565 397 2642 benigne
413 2569 572 2646 respondit
596 2569 713 2647 Micipsa
724 2573 824 2650 paucis
834 2576 900 2648 post
910 2567 1014 2628 diebus
1022 2568 1159 2629 moritur

267 2650 425 2728 Postquam
445 2650 486 2713 illi
504 2669 587 2712 more
600 2655 683 2728 regio
697 2654 771 2713 iusta
786 2651 938 2727 magnifice
954 2649 1093 2719 fecerant,
1109 2667 1160 2711 re-

185 2733 274 2812 guli'
266 2752 296 2796 ιιι
310 2752 402 2796 unum
421 2741 633 2804 convenerunt,
654 2743 687 2801 ut
708 2737 783 2796 inter
797 2752 829 2796 so
850 2734 887 2794 de
902 2734 1013 2795 cunctis
1033 2735 1196 2810 negotiisso

158 2819 387 2898 adisceptarent.
405 2819 455 2880 Set
464 2817 620 2896 Hiempsal,
635 2821 685 2898 qui
695 2820 841 2881 minumus
852 2836 889 2879 ex
902 2817 957 2878 illis
969 2825 1041 2888 erat,
1052 2823 1160 2878 natura

186 2902 269 2964 leros
291 2910 321 2963 et
338 2904 396 2964 iam
416 2909 500 2964 antea
516 2901 724 2979 ignobilitatem
742 2901 914 2979 iugurthae,
936 2903 1004 2980 quin
1025 2907 1159 2962 materno

186 2999 294 3060 genere
308 2987 392 3064 inpar
403 2994 474 3054 erat,
485 2986 656 3063 despiciens,
668 2987 769 3048 dextra
780 2984 974 3047 Adherbalem
985 2985 1104 3054 adsedit,
1119 3001 1159 3046 ne

158 3067 298 3128 tmodius
313 3069 471 3139 extribus,
491 3070 569 3148 quod
589 3070 667 3149 apud
681 3071 819 3132 Numidas
833 3069 939 3132 honori
958 3070 1086 3137 ducitur,
1110 3067 1158 3128 lu-

188 3149 292 3227 gurtba
313 3151 403 3214 foret:
426 3154 493 3214 dein
512 3159 624 3224 tamen,
644 3160 677 3214 ut
693 3155 779 3216 aetati
799 3155 974 3215 concederet
990 3153 1124 3227 fatigatus
1139 3169 1194 3214 aas

159 3236 176 3288 o
188 3233 292 3303 fratre,
308 3235 354 3295 vix
370 3236 399 3294 in
410 3243 523 3314 partem
533 3237 654 3298 alteram
668 3238 854 3300 transductus
868 3243 920 3298 est.
930 3236 974 3298 lbi
988 3251 1055 3295 curn
1066 3233 1158 3295 multa

188 3317 223 3376 de
245 3317 471 3378 administrando
490 3321 603 3399 inperio
623 3321 812 3390 dissererent,
834 3319 973 3397 lugurtba
994 3319 1071 3378 inter
1088 3316 1159 3380 alias
1247 3329 1248 3337 ¹

187 3418 236 3460 res
246 3401 314 3462 iacit
328 3407 464 3478 oportere
479 3405 658 3484 quinquenni
670 3405 802 3470 consudla
821 3410 850 3466 et
864 3404 981 3464 decreta
998 3402 1095 3462 omnia
1109 3418 1158 3460 re-
