2548 3930
190 163 231 225 52
363 183 406 223 nr:
426 179 528 258 nunno
550 178 750 224 rvsvnrraruo
773 181 802 223 c.
821 172 865 224 ιι.
887 172 930 227 23·
953 171 995 224 24.
1039 161 1041 166 ’

104 357 109 367 ·
162 331 317 391 aanhnum
338 347 425 391 suum
438 331 573 390 iniuriam
595 331 692 390 minus
712 327 855 390 tolerare:
877 328 1073 391 Adherbalem
1093 329 1171 392 dolis

106 416 128 448 ’·
170 415 263 474 'ritae
284 431 355 474 suae
376 413 556 475 insidiatum:
583 413 662 490 quod
682 412 733 473 ubi
755 414 949 490 conperisset,
978 412 1083 474 sceleri
1103 416 1170 476 eius

188 496 302 557 obviam
322 499 394 558 isse:
423 495 568 576 populum
587 495 751 557 Romanum
772 514 869 574 nepae
890 503 971 557 recte
992 514 1090 576 neque
1110 515 1170 576 pro

172 580 265 641 ‘bono
278 582 432 650 iacturum,
449 579 521 640 siah
532 582 596 640 iure
610 581 739 658 gentium
752 596 817 640 sese
831 579 1029 656 prohibuerit:
1052 587 1170 657 postre-

186 683 235 725 mo
250 664 286 724 de
309 665 443 725 omnibus
458 663 547 725 rebus
564 663 675 739 legatos
692 663 815 723 Romam
829 663 911 724 brevi
925 666 1092 724 missurum.
1095 662 1192 726 ’ltae

160 739 302 828 saulque
317 748 483 824 digrediunt
483 766 540 808 ur..
539 744 731 808 Adherbalis
740 747 903 825 adpellandi
918 749 1001 824 eopia
1021 765 1081 806 non
1102 748 1168 809 fuit.

138 827 178 892 23
271 829 411 908 Iugurtha
437 831 489 891 ubi
513 849 564 891 eos
591 831 688 892 Airica
713 831 870 892 decessisse
899 837 980 890 ratus
1005 838 1050 892 est
1070 850 1171 910 neque

187 922 275 993 propt
276 932 308 974 er
263 914 447 974 tlocit
396 921 447 974 nat
448 933 531 976 uram
547 913 655 975 Cirtam
669 915 757 974 armis
775 931 943 992 expugnare
957 921 1067 994 potest,
1091 915 1169 975 vallo

90 1035 93 1040 -
186 1004 273 1077 atque
289 998 366 1058 lossa
381 999 496 1059 moenia
514 999 688 1067 circumdat,
705 999 794 1058 turris
808 1000 916 1058 extruit
932 1016 1039 1076 easque
1054 1002 1170 1076 praesi-

187 1081 240 1140 diis
257 1082 362 1151 firmat,
386 1089 539 1161 praeterea
553 1083 615 1142 dies
628 1084 780 1161 noctisque
800 1089 850 1142 aut
869 1099 923 1160 per
944 1083 1002 1142 vim
1022 1089 1073 1143 aut
1093 1082 1207 1145 dolisro

185 1171 343 1244 temptare,
366 1166 570 1228 defensoribus
589 1167 739 1228 moenium
754 1167 884 1246 praemia
899 1166 987 1227 modo
1003 1167 1091 1238 modo
1105 1167 1171 1226 lor·

186 1249 326 1310 midinem
348 1255 508 1320 ostentare,
538 1267 608 1311 suos
634 1249 779 1311 hortando
801 1250 837 1309 ad
858 1251 996 1310 virtutem
1021 1251 1169 1327 adrigere,

162 1342 310 1414 tprorsus
338 1334 466 1394 intentus
493 1341 598 1393 cuneta
626 1350 741 1412 parare.
783 1332 931 1393 Adherbal
953 1333 1003 1394 ubi
1027 1334 1171 1411 intellegit

186 1418 280 1475 omnis
306 1433 374 1476 suas
396 1413 559 1478 fortunas
550 1435 580 1477 ιιι
601 1424 733 1484 exuemo
762 1418 844 1485 sitas,
865 1417 990 1478 hostem
1017 1417 1169 1488 infestum,
1254 1415 1255 1418 ’

186 1499 274 1559 auxili
292 1517 375 1578 spem
388 1500 512 1571 nullam,
518 1503 677 1602 paenuria
692 1518 793 1562 rerum
809 1503 1042 1562 necessariarum
1056 1501 1170 1562 bellum
1181 1523 1206 1564 ιι

94 1587 116 1596 ”’
186 1582 264 1644 trahi
282 1601 342 1645 uon
345 1603 457 1685 posse,
481 1605 517 1647 ex
533 1589 583 1657 eis,
604 1587 653 1666 qui
670 1603 728 1647 una
744 1585 852 1646 Cirtam
867 1585 1072 1665 profugerant,
1093 1585 1171 1653 duos

140 1721 142 1725 ,
186 1685 321 1731 maxume
343 1671 483 1749 inpigros
496 1671 616 1748 delegit:
644 1689 695 1737 eos
719 1670 810 1732 multa
834 1669 998 1748 pollicendo
1024 1687 1058 1728 ao
1079 1670 1170 1731 mise·

186 1752 279 1813 raudo
300 1772 400 1814 casum
422 1773 507 1816 suum
524 1757 685 1824 confirmat,
708 1757 751 1815 uti
765 1773 819 1832 per
839 1755 966 1814 hostium
989 1753 1170 1814 munitiones

135 1830 275 1896 24noetu
286 1837 334 1896 ad
338 1854 515 1935 proxumum
529 1855 621 1907 mare,
637 1839 704 1898 dein
723 1837 846 1897 Romam
860 1842 1026 1914 pergerent
1064 1836 1169 1898 Numi·

186 1919 239 1978 dae
261 1921 362 1996 paucis
381 1919 512 1980 diebus
503 1939 581 1981 russa
603 1921 745 1981 efficiunt:
761 1920 874 1979 litterae
892 1918 1107 1980 Adherbalisin
1120 1939 1168 1982 se·
1180 1946 1210 1992 ao

185 2008 256 2062 natu
270 2002 418 2071 recitatae,
442 2021 568 2082 quarum
582 2005 724 2064 sententia
741 2001 814 2062 haec
833 2003 901 2062 luit:

93 2085 96 2096 '
160 2097 177 2146 2
270 2086 345 2147 ‘Non
360 2105 425 2148 mea
437 2086 521 2166 culpa
532 2105 620 2166 saepe
630 2088 667 2147 ad
681 2093 732 2146 vos
747 2091 862 2146 oratum
876 2087 967 2156 mitto,
980 2093 1078 2164 patres
1096 2105 1170 2147 con-

186 2171 295 2249 scripti,
312 2173 412 2233 settis
433 2171 593 2249 Iugurthae
611 2171 731 2248 subigit,
752 2188 839 2250 prem
854 2176 934 2231 muta
947 2169 1047 2231 lubido
1074 2173 1169 2231 extin-

186 2255 294 2334 guendi
315 2275 362 2318 me
384 2259 496 2329 invasit,
519 2265 559 2322 ut
571 2275 671 2336 neque
689 2273 741 2316 vos
761 2272 857 2335 neque
877 2252 1146 2316 densiumortalis
1137 2273 1169 2315 ιιι

159 2341 283 2400 tanimo
298 2339 414 2411 habeat,
430 2343 608 2440 sanguinem¹
617 2359 715 2402 meum
732 2357 819 2420 quam
834 2341 931 2400 omnia
945 2338 1035 2399 malit.
1063 2337 1206 2416 ltaqrreaa
1256 2403 1257 2414 ,

187 2417 338 2502 qrrintum
330 2442 388 2484 ram
399 2443 532 2486 mensem
548 2428 646 2488 socius
657 2432 685 2487 et
704 2425 815 2485 amicus
828 2423 929 2502 populi
939 2422 1063 2484 Romani
1077 2425 1170 2482 armis
1256 2427 1257 2510 j

187 2505 323 2566 obsessus
337 2513 450 2576 teneor,
468 2527 565 2586 neque
578 2511 650 2570 mihi
664 2509 800 2587 Micipsae
817 2509 909 2584 patris
924 2505 1009 2586 [mei]
1032 2505 1170 2566 benificia

186 2605 281 2665 neque
303 2595 400 2648 vostra
417 2590 534 2652 decreta
549 2593 739 2652 auxiliantur:
755 2590 836 2652 ferro
856 2607 893 2664 au
911 2589 987 2649 fame
1002 2589 1099 2648 acrius
1116 2607 1169 2651 ur·

159 2682 276 2748 tguear
293 2673 437 2732 incertum
452 2681 504 2734 est.
516 2683 524 2701 ⁸
537 2674 625 2735 Plura
643 2675 679 2734 de
692 2672 834 2750 Iugurtha
848 2671 979 2731 seribere
993 2669 1170 2734 dehortatur

152 2797 155 2816 .
178 2762 232 2816 'me
254 2753 372 2816 lortuna
393 2774 473 2816 mea:
496 2764 525 2818 et
546 2759 604 2817 iam
625 2763 708 2818 autea
732 2761 869 2835 expertus
891 2771 956 2814 sum
971 2772 1076 2833 parum
1097 2755 1206 2824 fideiao

159 2841 299 2902 hmiseris
320 2856 393 2901 esse.
434 2841 496 2901 Nisi
515 2847 613 2902 ιιιιιιιιιι
635 2841 770 2918 hrtellego
788 2838 869 2900 illum
890 2855 979 2916 supra
1000 2857 1088 2917 quam
1109 2857 1170 2918 ego
1256 2913 1257 2924 χ

186 2928 250 2984 sum
262 2931 372 3003 petere,
383 2943 479 3004 neque
491 2924 576 2985 simul
587 2927 741 2985 amicitiam
752 2930 880 2983 vostram
892 2929 920 2982 et
930 2939 1056 3000 regnum
1065 2939 1170 2984 meum
1256 2925 1257 2928 ’

187 3023 315 3083 sperare.
358 3009 464 3070 Utrum
483 3009 599 3086 gravius
622 3010 788 3075 existumet,
808 3008 918 3067 nemini
933 3007 1088 3072 ,occultum
1110 3015 1167 3068 est.
1256 2999 1257 3050 l

62 3133 68 3150 .,
160 3089 261 3151 ttNam
272 3091 352 3150 initio
364 3093 471 3153 oceidit
481 3091 686 3169 hiempsalem,
699 3092 820 3151 lratrem
830 3109 939 3160 meum,
954 3092 1058 3152 deiude
1068 3091 1167 3168 patrio
1256 3055 1257 3128 l

125 3193 126 3200 ¹
186 3190 279 3252 regno
290 3189 338 3234 me
350 3176 473 3252 expulit:
486 3195 560 3255 quae
572 3193 641 3236 sane
653 3177 763 3236 luerint
772 3181 890 3234 nostrae
900 3176 1032 3244 iniuriae,
1044 3173 1115 3235 nihil
1124 3175 1167 3236 ad
1177 3194 1207 3236 aa

50 3293 59 3304 ·
161 3272 246 3320 tvos.
279 3255 388 3316 Verum
404 3277 484 3320 nunc
498 3267 629 3320 vostrum
645 3277 771 3338 regnum
785 3260 873 3318 armis
888 3255 981 3327 tenet,
996 3276 1058 3326 me,
1075 3275 1167 3336 quem

186 3359 238 3401 vos
254 3341 452 3418 inperatorem
467 3343 608 3405 Numidis'
612 3345 758 3423 posuistis,
782 3341 912 3404 clausum
935 3340 1061 3400 obsidet:
1083 3340 1165 3419 lega-

162 3431 285 3490 etorum
307 3422 395 3483 verba
418 3429 517 3503 qrranti
539 3429 641 3490 iecerit
659 3426 790 3508 pericula
810 3445 874 3488 mea
897 3423 1052 3484 declarant.
1087 3425 1165 3494 Quid
