2548 3930
302 205 344 245 nn
366 203 468 245 annno
491 203 692 246 rvuvnnnmo
715 203 742 245 u.
765 196 806 250 89.
826 197 872 250 90.
894 197 937 250 91.
973 185 978 205 '
1069 187 1110 250 93
1165 151 1167 159 X

220 353 290 413 Erat
304 355 379 414 inter
393 353 518 430 ingentis
532 350 700 412 solitudines
715 353 853 430 oppidum
873 369 1010 430 magnum
1024 361 1137 432 atquae

137 438 250 505 valens,
270 439 387 498 nomine
405 436 510 534 Capsa,
533 437 615 496 cuius
637 436 769 496 conditor
783 436 924 497 Hercules
939 437 1028 497 Libus
1049 449 1112 498 me

137 521 315 582 morabatur.
344 521 453 582 Eius
428 537 507 608 cives
520 520 596 597 apud
614 500 786 595 Iugurtham
799 523 943 590 bimones,
958 521 1037 582 levi
1030 539 1109 600 mpe·

137 609 198 675 rio,
222 613 250 666 et
264 605 302 665 ob
319 624 353 666 ea
368 587 535 665 fidelissumi
549 602 742 674 habebantur,
763 606 866 665 muniti
887 606 1044 666 advorsum
1058 606 1110 665 ho·

66 759 67 762 ¹
116 691 189 752 ostis
208 707 268 750 non
282 688 435 750 moenibus
450 692 582 753 modoet
595 690 683 748 armis
700 696 787 767 atque
806 691 888 760 viris,
910 707 1010 754 verum
1026 691 1111 749 etiam

102 773 228 833 multo
243 775 336 850 magis
350 772 481 833 locorum
497 774 659 850 asperitate.
699 772 771 832 Nam
786 780 903 850 praeter
918 775 1025 850 oppido
1041 791 1111 852 pro·
1121 784 1137 834 5

135 859 244 935 pinqua
258 857 312 917 alia
330 858 426 916 omnia
442 863 530 925 vasta,
551 855 669 925 inculta,
683 857 796 931 egentia
810 875 912 935 aquae,
932 858 1033 918 infesta
1049 874 1110 917 ser-

61 965 65 982 ·
136 940 288 1018 pentibuS,
311 959 435 1020 quarum
457 941 512 1010 vis,
534 932 1112 1018 1ειοιιιιοιιιιιιιιιιιιιιιιιιιιιιιιιιιιιιιίιιιιιιι
1259 1003 1260 1014 ι

90 1099 92 1104 ¹
137 1025 241 1092 aerior,
255 1024 359 1084 adhoc
371 1023 488 1104 [natura
500 1025 688 1102 serpentium
703 1025 765 1099 ipsa
781 1024 951 1104 pernitiosa]
963 1026 1111 1100 satrmagrs
1203 1065 1204 1070 ι
1258 1041 1260 1102 j

103 1126 224 1186 taquam
241 1108 295 1168 alia
318 1125 352 1167 re
373 1107 553 1168 adtenditur.
596 1106 666 1167 Eius
686 1107 817 1186 potiundi
835 1107 958 1168 Marium
977 1117 1137 1169 maxumae
1258 1107 1259 1128 ²

137 1191 241 1276 cupido
263 1194 421 1262 invaserat,
444 1189 511 1251 cnm
530 1197 651 1268 propter
672 1207 758 1251 arsum
780 1190 863 1259 belli,
892 1197 954 1251 tum
976 1195 1042 1270 quia
1062 1207 1111 1252 res

135 1293 237 1352 aspera
252 1273 404 1335 ridebatur
418 1281 447 1336 et
460 1273 591 1336 lletellus
606 1275 745 1353 oppidum
762 1267 882 1334 Thalam
894 1292 1002 1374 magna
1019 1274 1112 1350 gloria

68 1375 72 1388 ·
135 1366 263 1435 ceperat,
277 1357 347 1417 hant
361 1358 633 1426 dissimilitersitum
644 1359 856 1438 munitumque,
872 1360 926 1418 nisi
940 1360 1017 1438 quod
1034 1359 1110 1435 apud
1256 1419 1257 1428 ,

135 1441 256 1501 Thalam
269 1458 329 1499 non
343 1441 429 1519 longe
444 1460 460 1500 a
475 1442 628 1506 moenibus
644 1442 752 1519 aliquot
767 1442 861 1502 lentes
876 1450 969 1512 eraut,
986 1443 1110 1519 capsen-
1149 1509 1152 1514 ,
1256 1450 1257 1461 ’

102 1543 182 1590 reses
207 1533 265 1585 uua
291 1525 378 1584 modo
407 1532 494 1604 atque
514 1544 547 1584 ea
568 1526 644 1585 intra
663 1526 836 1622 oppidum
828 1527 887 1602 rugi
909 1545 993 1603 aqua,
1014 1532 1110 1586 cetera
1255 1521 1256 1534 ¹

135 1609 239 1706 pluria·
247 1606 413 1669 utebant'ur.
442 1609 474 1669 ld
490 1608 588 1686 ibique
610 1616 639 1670 et
661 1611 690 1668 ιιι
711 1610 789 1668 omni
806 1609 912 1677 africa,
929 1627 985 1687 qua
1007 1599 1135 1706 procult

136 1694 240 1752 amari
255 1692 391 1752 incultius
406 1691 556 1768 agebatur,
580 1710 628 1752 eo
636 1691 748 1752 laoilius
764 1690 952 1760 tolerabatur,
972 1694 1038 1773 quia
1053 1692 1111 1752 Nu-

134 1776 231 1836 midae
244 1775 421 1855 plerumque
429 1775 503 1837 lacte
516 1782 546 1836 et
559 1777 651 1837 lerina
668 1793 756 1842 carne
767 1774 1003 1837 vescebanturt
974 1785 1003 1836 et
1017 1793 1112 1853 neque

134 1859 224 1944 salem
240 1877 335 1938 neque
351 1853 413 1934 alia
420 1862 603 1920 inritamenta
618 1861 703 1936 gulae
717 1859 910 1938 quaerebant:
927 1861 1010 1922 cibus
1024 1857 1135 1939 [illis]8

99 1929 286 2006 aoadvorsus
295 1945 402 2005 samem
424 1951 510 2022 atque
532 1946 618 2014 sitim,
640 1962 700 2004 non
717 1943 839 2006 lubidini
860 1962 957 2023 neque
979 1944 1112 2004 luxuriae

134 2035 205 2089 erat.
240 2029 333 2105 lgitnr
347 2029 449 2088 consul
468 2027 603 2089 omnibus
621 2028 790 2106 exploratis,
813 2030 902 2090 oredo
922 2030 984 2097 deis
1009 2029 1109 2094 fretus,
1121 2018 1161 2078 90

136 2145 171 2155 -
194 2129 262 2172 nam
285 2119 386 2172 contra
405 2118 500 2172 tantas
520 2111 703 2172 difficultates
725 2114 844 2173 consilio
867 2115 937 2172 satis
958 2111 1112 2188 providere

133 2211 193 2252 non
204 2201 332 2270 poterat:
348 2197 477 2272 quippe
444 2176 555 2255 etiam
567 2196 725 2255 frumenti
717 2198 813 2273 inopia
828 2195 1033 2272 temptabatur,
1045 2195 1111 2274 quia

134 2277 276 2339 Numidae
291 2277 399 2355 pabulo
415 2281 532 2356 pecoris
547 2281 638 2356 magis
655 2297 742 2378 quam
758 2297 827 2339 arvo
842 2279 959 2339 student
978 2286 1006 2338 et
1020 2278 1111 2357 quod·

98 2379 259 2440 atcumque
278 2369 379 2422 natum
399 2363 520 2422 luerat'
513 2379 593 2422 iussu
612 2363 691 2439 regis
716 2364 745 2422 in
766 2363 831 2423 loca
851 2359 960 2423 munita
983 2361 1112 2422 contule-

133 2451 213 2514 rant,
237 2463 308 2522 aget
329 2451 425 2506 autem
447 2447 546 2506 aridus
565 2452 594 2505 et
613 2445 732 2522 lrugm
748 2465 854 2508 vacuos
870 2465 904 2508 ea
923 2451 1110 2524 tempestate:

133 2546 202 2589 narn
218 2532 333 2591 aestatis
354 2536 518 2597 extremum
540 2535 662 2589 erat-
683 2536 781 2592 tamen
796 2549 856 2609 ιιιο
877 2533 921 2590 rei
941 2533 1042 2609 copia
1043 2532 1111 2590 satis

133 2603 320 2691 providenter
337 2620 472 2674 exornat:
488 2631 579 2692 pecus
595 2631 690 2683 omne,
704 2616 781 2695 quod
793 2608 994 2693 superioribus
1008 2613 1137 2675 diebus2
1201 2625 1203 2628 ·

132 2699 260 2774 praedae
279 2699 383 2768 luerat,
408 2698 553 2778 equitibus
571 2697 726 2758 aarxiliariis
746 2700 891 2776 agendum
910 2699 1057 2776 adtribuit,
1077 2697 1109 2755 Α.

99 2781 270 2848 ιιΜιιιΙιιιιιι
288 2776 424 2858 legatum
451 2803 517 2844 cum
547 2781 717 2843 cohortibus
739 2784 879 2860 expeditis
912 2783 965 2843 ad
973 2760 1111 2858 oppidum

53 2918 55 2932 ,
133 2864 230 2934 Laris,
259 2864 318 2924 uhi
327 2868 503 2945 stipendium
525 2872 554 2926 et
571 2872 754 2927 conmeatum
774 2866 935 2934 locaverat,
956 2867 999 2928 ire
1020 2864 1109 2933 iubet,

134 2947 261 3026 dicitque
272 2965 305 3008 se
315 2949 555 3026 praedabundum
566 2957 632 3028 post
642 2967 752 3027 paucos
761 2949 821 3009 dies
830 2950 1108 3010 eodemienturnm.

99 3043 104 3058 ⁹
134 3031 182 3107 Sic
193 3034 308 3109 incepto
324 3050 376 3092 suo
391 3034 533 3095 occultato
545 3035 641 3114 pergit
652 3033 690 3096 ad
699 3031 808 3093 flumen
819 3033 948 3095 Tanaim.
974 3033 1156 3094 Ceterumtit
1265 3101 1266 3106 ι

133 3118 164 3178 ιιι
185 3117 288 3176 itinere
310 3117 415 3177 cotidie
435 3135 525 3194 pecus
541 3118 682 3197 exercitui
699 3135 753 3197 per
774 3119 934 3188 centurias,
957 3121 1026 3179 item
1048 3123 1110 3176 tur·
1194 3147 1195 3156 ι

98 3218 197 3262 umas
220 3198 378 3278 acqualiter
400 3201 602 3270 distribuerat,
627 3207 656 3261 et
679 3218 715 3260 ex
734 3203 831 3262 'coriis
846 3209 928 3264 utres
949 3204 991 3263 uti
1006 3201 1110 3260 herent

28 3283 31 3300 '
136 3283 269 3345 curabat:
292 3284 403 3344 simul
395 3287 522 3364 mopiam
541 3285 680 3346 humenti
693 3284 788 3350 lenire
805 3295 833 3348 et
852 3289 960 3364 ignaris
975 3278 1110 3344 omnihus

135 3385 255 3446 parare,
275 3385 349 3446 quae
366 3387 434 3428 mox
452 3387 507 3430 usu
526 3369 636 3429 locent:
646 3368 785 3466 denique
803 3377 885 3432 sexto
854 3371 965 3439 tdie,
985 3385 1052 3433 cum
1073 3367 1110 3428 ad

135 3451 244 3512 flumen
265 3459 385 3514 ventum
404 3459 463 3526 est,
477 3471 613 3514 maxuma
626 3454 669 3512 vis
684 3445 794 3518 utrium
808 3455 919 3519 effecta.
951 3453 995 3515 lbi
1008 3453 1137 3512 castriso
