2536 3936
193 201 234 261 to
386 216 430 256 ou
451 215 553 257 annuo
577 213 777 256 rusveunruo
800 207 827 254 ot
844 207 869 257 5.
887 202 913 257 6.
936 201 960 255 7.

193 361 304 424 nabalis
320 362 435 432 iratum
457 379 544 442 quem
560 361 723 430 Masinissa,
745 360 823 440 quod
845 366 927 420 ortus
945 377 982 418 ex
1002 349 1165 418 concubina

195 454 270 516 erat,
293 448 436 524 privatum
458 445 659 524 dereliquerat,
676 445 778 505 eodem
800 443 880 504 cultu
896 459 956 521 quo
968 440 1076 502 liberos
1096 459 1166 501 suos

196 531 274 590 domi
293 529 403 590 habuit.

165 610 184 670 6
280 614 335 685 Qui
345 613 533 690 ubiprimum
543 610 678 679 adolevit,
694 600 806 688 pollens
820 608 943 678 viribus,
959 609 1065 669 decora
1081 607 1163 676 lacis,

90 743 95 753 .
193 704 238 758 set
254 696 345 757 multo
364 713 499 756 maxume
518 697 633 772 ingenio
652 694 775 762 validus,
798 711 858 752 non
875 711 907 752 se
923 692 993 753 luxu
1009 709 1104 770 neque
1118 691 1189 755 in·a

193 783 282 842 entiae
298 779 551 857 conrumpendum
569 779 662 846 dedit,
683 784 740 846 set,
763 779 805 838 uti
826 793 889 836 mos
908 777 1002 858 gentis
1015 775 1091 835 illius
1108 781 1162 842 est,

193 865 322 942 equitare
332 862 452 923 iaculari
463 879 551 922 cursu
561 879 628 922 cum
638 859 807 941 aequalibus
817 867 944 928 certare,
953 866 982 920 et
993 868 1061 920 cum
1072 859 1165 918 omnis

192 946 285 1023 gloria
300 947 431 1015 anteiret,
446 945 581 1006 omnibus
597 951 694 1006 tamen
709 961 796 1004 carus
810 959 886 1004 esse:
902 943 939 1002 ad
956 942 1013 1002 hoe
1027 941 1166 1020 pleraque

195 1037 328 1107 tempora
341 1031 373 1090 in
387 1030 519 1090 venando
537 1045 633 1105 agere,
648 1028 762 1090 leonem
778 1035 865 1106 atque
879 1026 948 1086 alias
962 1026 1040 1086 feras
1054 1027 1166 1102 primus

79 1165 81 1175 ,
194 1119 244 1174 aut
265 1115 294 1172 in
314 1114 415 1190 primis
436 1113 541 1174 ferire:
563 1111 734 1192 plurumum
746 1111 852 1179 lacere,
872 1113 1035 1171 minumum
1051 1111 1109 1188 ipse
1128 1107 1166 1168 de
1178 1135 1202 1175 m

169 1207 225 1258 tse
246 1195 336 1276 loqui.
366 1196 477 1267 Quibus
488 1196 578 1257 rebus
591 1196 707 1273 Micipsa
725 1195 838 1255 tametsi
855 1195 935 1255 initio
956 1193 1049 1254 laetus
1070 1191 1166 1252 luerat

194 1282 371 1342 existumans
384 1278 689 1354 virtutemlugurtbae
701 1294 794 1353 reguo
815 1295 869 1337 suo
890 1276 1000 1354 gloriae
1022 1277 1098 1342 tore,
1119 1280 1165 1334 ta·

194 1381 262 1424 men
281 1370 435 1440 postquam
448 1362 596 1421 hominem
615 1360 829 1421 adulescentem
845 1366 945 1420 exacta
959 1377 1011 1420 sua
1029 1365 1121 1420 aetate
1136 1365 1166 1418 et

172 1461 176 1484 ¹
193 1447 290 1526 parvis
308 1445 408 1506 liberis
421 1446 514 1521 magis
530 1445 680 1522 magisque
695 1461 829 1504 crescere
847 1442 993 1520 intellegit,
1010 1443 1164 1504 uehemen-

192 1537 238 1590 ter
261 1547 296 1589 eo
314 1530 436 1605 negotio
457 1536 608 1607 permotus
628 1527 717 1589 multa
738 1545 805 1588 cum
826 1529 923 1590 animo
949 1544 1003 1588 suo
1024 1525 1164 1586 volvebat.
1177 1550 1206 1592 15

168 1612 337 1676 tremebat
355 1631 422 1673 eum
441 1623 544 1674 natura
572 1611 737 1673 mortalium
758 1612 839 1672 avida
860 1612 954 1690 inperi
976 1620 1004 1670 et
1025 1627 1168 1690 praeceps

193 1698 231 1758 ad
244 1697 415 1776 explendam
430 1699 518 1758 animi
536 1697 716 1774 cupidinem,
733 1701 885 1774 praeterea
901 1695 1080 1772 oportunitas
1097 1711 1167 1754 suae

192 1781 412 1860 liberorumque
424 1783 532 1848 aetatis,
542 1797 617 1862 quae
629 1783 713 1840 etiam
724 1780 879 1840 mediocris
891 1780 968 1838 viros
979 1796 1031 1855 spe
1041 1777 1168 1854 praedae

193 1872 376 1923 transvorsos
398 1866 469 1938 agit,
494 1863 530 1923 ad
549 1863 607 1922 hoc
623 1863 716 1922 studia
738 1861 930 1921 Numidarum
944 1862 973 1918 in
995 1859 1169 1934 Iugurtham

193 1947 333 2007 adcensa:
358 1945 529 2023 exquibus,
552 1947 576 2003 si
593 1944 681 2004 talem
699 1946 794 2004 vuum
815 1943 888 2004 dolis
901 1941 1106 2009 interfecisset,
1129 1961 1206 2003 nem

164 2031 252 2106 'iqua
273 2026 375 2087 seditio
398 2033 449 2088 aut
466 2027 576 2088 bobum
597 2029 725 2088 oriretur
745 2028 848 2087 anxius
866 2031 936 2084 erat.
980 2024 1028 2084 Eis
1045 2024 1170 2086 difficul-

194 2108 301 2172 tatibus
317 2111 531 2172 circumreutus
544 2110 596 2171 ubi
611 2110 688 2171 videt
701 2127 796 2188 neque
810 2127 864 2188 per
878 2109 936 2169 vim
950 2125 1046 2186 neque
1059 2109 1171 2169 insidiis

125 2247 128 2256 .
194 2194 319 2273 obprimi
338 2213 425 2274 posse
445 2195 594 2256 homiuem
615 2201 674 2255 tam
696 2201 847 2273 acceptum
868 2190 1067 2270 popularibus,
1091 2193 1172 2270 quod

194 2285 257 2342 erat
275 2278 415 2356 iugurtha
430 2298 519 2342 manu
533 2285 686 2359 promptus
702 2285 731 2339 et
745 2278 884 2356 adpetens
899 2276 1010 2352 gloriae
1027 2277 1169 2344 militaris,

193 2366 292 2423 statuit
308 2378 375 2424 eum
396 2364 543 2426 obiectare
562 2362 699 2442 periculis
721 2368 750 2423 et
765 2381 799 2423 eo
820 2360 908 2423 medo
930 2359 1078 2421 fortunam
1094 2365 1209 2426 tem-„as

212 2453 284 2506 tare.

168 2465 212 2592 ap
276 2527 367 2601 Igitur
387 2525 466 2587 bello
486 2525 663 2590 Numantino
677 2529 795 2606 Micipsa
816 2547 884 2588 cum
907 2526 1015 2606 populo
1036 2526 1171 2586 Romano

81 2641 84 2648 =
193 2610 325 2689 equitum
344 2614 430 2684 atque
444 2611 576 2686 peditum
590 2611 694 2673 auxilia
708 2613 850 2678 untiaret,
872 2628 994 2688 sperans
1011 2607 1057 2670 vel
1071 2615 1171 2670 osten·

192 2692 281 2754 tando
300 2693 437 2752 virtutem
452 2692 498 2754 vel
518 2692 645 2754 hostium
663 2695 779 2754 saevitia
799 2693 883 2753 facile
898 2711 965 2752 eum
984 2708 1170 2762 occasumm,

166 2775 334 2856 3praeleoit
348 2773 479 2840 Numidis
499 2793 573 2855 quos
593 2778 623 2836 in
637 2777 803 2854 Hispaniam
824 2775 964 2837 mittebat.
1005 2775 1055 2837 Set
1070 2793 1103 2835 ea
1120 2792 1209 2838 rcsao

166 2862 279 2939 elonga
295 2859 377 2922 aliter
399 2877 433 2920 ac
451 2868 532 2922 ratus
549 2867 613 2921 erat
632 2862 734 2922 evenit.
776 2859 850 2920 Nam
871 2858 1030 2936 Iugurtha,
1052 2864 1086 2920 ut
1106 2868 1171 2920 erat

193 2947 309 3022 inpigro
331 2951 419 3023 atque
440 2946 501 3006 acri
522 2946 652 3021 ingenio,
674 2943 727 3006 ubi
746 2950 881 3007 naturam
896 2943 927 3005 P.
948 2943 1098 3023 Scipionis,
1119 2944 1171 3020 qui

132 3020 136 3044 '
193 3034 257 3088 tum
276 3027 414 3090 Romanis
435 3030 583 3108 inperator
602 3036 679 3097 erat,
700 3034 729 3088 et
747 3045 861 3094 morem
878 3027 1005 3089 hostium
1026 3027 1169 3103 cognovit,

194 3108 286 3170 multo
302 3110 404 3172 labore
424 3113 572 3191 multaque
593 3131 679 3183 cura,
702 3117 854 3190 praeterea
875 3111 1096 3172 modestissume
1116 3125 1170 3186 pa·

195 3193 288 3254 raudo
309 3199 338 3252 et
354 3211 442 3273 saepe
456 3195 570 3257 obviam
587 3197 682 3258 eundo
697 3194 834 3274 periculis
853 3196 884 3256 in
897 3201 1006 3256 tantam
1022 3191 1169 3253 claritudi·
1180 3213 1206 3254 aa

195 3293 263 3338 nem
281 3275 365 3336 brari
385 3286 571 3352 pervenerat,
599 3286 632 3340 ut
652 3281 760 3340 posuis
779 3277 967 3341 vehementer
988 3289 1087 3342 carus,-
1107 3274 1168 3335 Nu-

170 3360 490 3443 tmantiuismarumo
509 3365 617 3426 terrori
638 3370 722 3426 essct.
765 3363 807 3424 Ac
825 3379 904 3431 sane,
927 3359 1004 3438 quod
1026 3357 1169 3420 difficillu-

195 3460 277 3504 mum
288 3444 317 3502 iu
331 3443 434 3518 primis
446 3452 499 3516 est,
521 3455 550 3508 et
564 3448 676 3526 proelio
691 3456 829 3512 suenuus
848 3450 912 3508 erat
933 3449 961 3503 et
981 3442 1076 3504 bonus
1099 3457 1170 3500 con-
