2536 3936
331 201 374 244 nra
396 201 498 244 nanno
522 159 721 246 ruovoraruo
746 201 772 244 c.
796 192 837 246 lt.
1027 185 1067 246 45

181 347 278 410 Ceteri
290 355 438 426 rogarant
453 348 531 410 betto
545 349 610 410 victi
623 350 653 409 in
669 350 824 412 amicitiam
837 367 854 411 a
867 349 948 412 vobis
961 351 1096 428 receptio

101 437 170 492 sunt
184 439 234 493 aut
252 433 283 494 in
301 433 361 494 suis
380 431 476 494 dubiis
494 431 583 494 rebus
598 433 765 494 societatem
784 440 912 494 vostram
926 434 1071 514 adpetive-

101 521 185 582 runt,
209 515 317 576 tamilia
333 522 432 584 nostra
455 534 521 578 cum
543 514 651 594 populo
672 515 803 577 Romano
824 515 901 578 bello
923 517 1071 593 Carthagi·

99 598 193 660 nicnsi
218 597 401 679 [amicitiam]
423 601 557 668 instituit,
581 617 639 678 quo
659 605 791 677 tempore
812 601 904 676 uagis
918 601 989 662 fides
1009 600 1072 662 eius

76 698 186 758 squam
202 680 319 743 fortuna
330 683 457 760 petunda
472 690 543 744 erat.
573 680 704 751 Quorum
718 685 888 761 progeniem
898 701 958 751 vos,
975 690 1099 762 petroso

100 765 266 842 conscripti,
275 764 364 826 nolite
375 768 434 843 pati
444 785 500 836 me,
514 771 650 845 nopotem
661 763 836 835 Masinissae,
846 767 953 828 trustra
965 784 981 827 a
992 765 1073 826 vobis

98 845 236 933 auxilium
250 855 359 925 petere.

183 930 214 991 Si
228 932 266 994 ad
280 933 485 1010 inpetrandam
507 929 578 992 nihil
597 949 716 995 caussae
735 932 875 996 haberem
889 940 1005 1013 praeter
1020 931 1098 995 mii

99 1014 252 1076 serendam
263 1014 420 1085 fortunam,
437 1016 515 1094 quod
529 1014 616 1092 paulo
630 1021 696 1077 ante
710 1033 761 1076 rex
777 1032 885 1093 genere
897 1017 974 1080 tama
988 1023 1075 1095 atque

63 1123 90 1166 ιο
100 1098 190 1175 copiis
204 1104 323 1177 potens,
354 1117 434 1160 nunc
459 1099 638 1160 deformatus
666 1100 827 1168 aerumnis,
856 1100 940 1178 inops
967 1099 1075 1162 alienas

99 1198 169 1258 opes
190 1189 321 1259 expecto,
337 1190 433 1244 tamen
457 1189 520 1244 erat
534 1183 690 1244 maiestatis
711 1182 812 1261 populi
831 1182 955 1244 Romani
976 1183 1075 1260 prohi-

98 1262 169 1326 bere
183 1264 317 1328 iniuriam
333 1284 428 1346 neque
444 1268 504 1346 pati
519 1267 689 1344 cuiusquam
699 1282 823 1342 regnum
835 1285 888 1345 per
903 1265 998 1328 scelus
1011 1284 1075 1328 cre·

98 1364 190 1408 scere.
221 1349 329 1410 Verum
344 1368 399 1428 ego
421 1350 463 1411 eis
479 1349 586 1410 furibus
601 1351 711 1412 ciectus
725 1368 807 1420 sum,
830 1367 903 1428 quos
916 1349 1103 1418 maioribuse

99 1432 172 1492 meis
186 1431 312 1510 populus
328 1432 477 1494 Romanus
492 1434 582 1502 dedit,
597 1433 675 1496 unde
696 1441 779 1511 pater
796 1441 825 1494 ct
838 1451 906 1494 avos
920 1451 1003 1496 meus
1019 1450 1075 1494 una

63 1512 250 1584 ,archiacum
266 1509 404 1592 expulere
419 1517 554 1577 Sutacem
576 1522 605 1578 ct
620 1515 871 1592 Carthaginiensis.
903 1517 1006 1576 Vostra
1024 1516 1076 1578 be·

99 1597 195 1658 niflcia
211 1597 281 1660 mihi
296 1605 396 1678 crepta
411 1605 488 1668 sunt,
503 1606 602 1676 patres
616 1601 835 1677 conscriptivos
850 1600 879 1658 in
894 1617 958 1660 mea
972 1600 1076 1660 iniuria

100 1680 152 1742 das
173 1683 316 1744 satiastis.

152 1697 269 1826 theu
290 1782 338 1826 mc
360 1764 514 1824 miserum!
553 1762 674 1831 Hucine,
696 1761 813 1841 Micipsa
829 1771 922 1842 pater,
944 1763 1104 1828 benificiau

101 1853 150 1908 tua
168 1863 303 1916 evasere,
320 1856 352 1910 ut
366 1854 502 1925 quemotu
519 1865 620 1926 parem
635 1863 703 1907 cum
717 1845 817 1908 tiberis
833 1845 918 1927 [tuis]
936 1848 1077 1925 regnique

62 1931 274 2009 20participam
289 1930 395 1999 iecisti,
418 1931 444 1990 is
463 1932 655 2008 potissumum
670 1931 767 2008 stirpis
781 1938 849 1992 tuae
864 1933 1007 1992 crunctor
1024 1931 1077 1992 siti

101 2012 266 2092 Numquam
282 2029 353 2090 ergo
367 2013 472 2077 tamilia
488 2021 587 2078 nostra
600 2015 695 2092 quieta
710 2013 783 2074 oritt
798 2031 952 2093 semperne
964 2016 996 2075 in
1011 2031 1077 2075 san-

101 2097 189 2173 guine
206 2096 287 2160 t'crro
303 2097 372 2174 iuga
392 2096 575 2160 versabitur?
610 2095 690 2159 Itum
701 2095 952 2174 Carthaginienses
965 2096 1121 2163 incola-10
1232 2141 1235 2156 .

101 2180 272 2249 messuere,
296 2182 360 2242 iure
375 2182 472 2240 omnia
487 2198 572 2242 saera
592 2178 789 2257 patiebamur:
812 2180 912 2244 hostes
925 2179 961 2240 ab
977 2180 1077 2249 tatere,

101 2281 153 2322 vos
177 2265 262 2323 amici
275 2261 393 2342 procui:
416 2280 483 2340 spos
500 2265 594 2323 omnis
609 2264 638 2322 in
654 2263 742 2320 armis
756 2269 827 2322 crat.
860 2262 1017 2341 Postquam
1031 2262 1079 2324 itta

64 2348 191 2424 „pestis
209 2364 245 2406 ex
259 2345 355 2406 Africa
376 2346 466 2406 eiecta
481 2352 533 2412 est,
552 2343 620 2406 laeti
635 2361 739 2421 pacem
755 2343 949 2420 agitabamus,
972 2347 1079 2424 quippe

102 2429 168 2506 quis
183 2426 273 2490 hostis
288 2426 385 2488 nuilus
399 2435 471 2495 crat,
487 2427 542 2488 nisi
555 2425 631 2490 torte
647 2445 733 2505 quem
748 2445 799 2487 vos
814 2429 977 2491 iussissetis.
1002 2427 1078 2491 Ecca
1088 2439 1119 2492 ll

103 2518 202 2572 autom
223 2530 258 2574 cx
274 2513 423 2593 inproviso
439 2509 591 2588 Iugurtha,
614 2509 794 2572 intoleranda
816 2512 945 2580 audacia,
967 2511 1079 2584 scetere

102 2603 189 2673 atque
203 2594 341 2674 superbia
356 2612 420 2656 sese
439 2593 588 2662 animans,
607 2594 697 2656 tratre
710 2611 776 2656 mco
790 2601 877 2673 atque
891 2595 996 2657 eodem
1009 2614 1078 2676 pro·

103 2678 213 2758 pinqno
223 2697 277 2740 suo
290 2678 443 2742 interiecto
457 2678 584 2756 primum
600 2694 724 2754 regumn
738 2679 801 2740 eius
810 2678 928 2740 sceleris
939 2681 984 2742 sui
993 2697 1079 2757 prac-

67 2762 172 2824 aodam
187 2762 263 2832 tecit,
285 2769 351 2842 post
370 2762 421 2824 ubi
435 2780 483 2842 me
505 2761 614 2824 eisdem
633 2760 709 2824 dolis
726 2779 785 2822 non
801 2762 863 2839 quit
878 2779 992 2838 capere,
1008 2761 1079 2822 nihil

103 2845 200 2904 minus
214 2863 301 2924 quam
314 2845 372 2906 vim
386 2853 436 2907 aut
449 2843 559 2908 bellum
580 2851 780 2924 expectantem
800 2847 830 2906 in
844 2845 959 2922 mperio
972 2851 1077 2913 vostro,
1171 2860 1176 2872 ·

103 2927 179 2986 siout
192 2925 307 2996 videtis,
332 2935 477 2990 extorrem
499 2929 592 3006 patria
614 2928 716 2996 domo,
738 2929 855 3004 inopem
877 2933 906 2988 et
928 2933 1079 3003 copertum

102 3010 228 3070 miseriis
247 3011 354 3080 etiecit,
377 3020 409 3074 ut
424 3011 517 3074 ubivis
532 3013 621 3074 tutius
636 3029 724 3090 quam
740 3012 769 3070 in
785 3025 878 3085 regno
893 3026 959 3070 meo
974 3027 1077 3074 essem.

104 3093 167 3168 Ego
189 3093 231 3152 sio
253 3094 477 3164 existumabam,
495 3100 593 3172 potres
615 3093 780 3170 conscripti,
801 3094 843 3153 uti
864 3093 1078 3170 praedicantem
1090 3102 1121 3154 12

70 3177 272 3238 aaaudivcram
288 3184 400 3254 patrem
415 3195 528 3238 meum:
552 3178 602 3256 qui
617 3184 744 3238 vostram
760 3177 911 3241 amicitiem
927 3176 1079 3254 diligenter

90 3311 91 3314 ,
106 3257 251 3330 colerent,
274 3278 324 3322 eos
338 3261 462 3322 muttum
475 3259 583 3322 laboris
598 3261 764 3338 suscipere,
781 3267 909 3322 ceterum
932 3280 968 3322 ex
983 3263 1074 3322 omni·

106 3340 163 3403 bus
179 3361 313 3406 maxunm
332 3351 410 3406 tutos
424 3361 496 3406 esse.
530 3341 614 3414 Quod
630 3346 659 3406 in
674 3343 781 3406 familia
794 3351 893 3406 nostra
908 3343 970 3414 t'uit,
992 3357 1120 3423 prae-1³
