2548 3930
249 233 252 241 ¹
322 173 365 212 nn
387 133 488 211 senno
511 129 710 214 {vevenemo
735 168 763 212 c.
786 162 830 216 53.
849 163 890 214 st.
1057 151 1093 210 71
1169 199 1176 228 ι

120 321 193 382 baut
213 318 318 398 procul
336 320 411 381 inter
433 333 464 376 se
479 321 570 386 erant,
589 319 725 394 strepitu,
744 317 822 378 velut
843 315 943 378 hdstes
962 317 1097 382 adventa·

121 410 202 472 rent,
224 401 309 463 alteri
325 401 403 479 apud
421 399 527 462 alteros
541 399 725 462 formidinem
741 400 827 468 simul
844 407 873 461 et
886 400 1043 463 tumultum
1056 402 1098 465 ιι·

123 505 206 555 cere,
238 492 266 546 et
287 503 380 564 paene
405 483 587 580 inprudentia
609 483 767 546 admissum
789 485 901 552 facinus
923 483 1097 554 miserabile,

25 619 37 634 .
121 573 153 632 ni
175 571 322 648 utrimque
341 568 494 646 praemissi
515 568 626 646 equites
646 585 711 626 rem
732 567 966 645 exploravissent.
991 568 1124 646 Igiturss
1233 615 1243 638 ,

100 671 178 732 spro
201 659 281 714 metu
302 657 423 730 repente
446 650 583 728 gaudium
605 657 755 719 exortum,
783 651 889 714 milites
916 651 990 712 alius
1011 651 1101 720 alium

122 735 192 798 laeti
203 733 357 813 adpellant,
368 741 437 794 acta
451 734 574 798 edocent
586 735 673 811 atque
690 730 819 803 audiunt,
835 753 888 799 sua
903 737 1025 813 quisque
1040 735 1100 796 tor·

123 821 163 880 tia
181 820 256 882 lacta
274 819 311 888 ad
325 817 436 882 caelum
450 817 516 882 fert.
546 817 660 896 Quippe
684 836 735 880 res
754 819 899 887 humanae
913 819 951 878 ita
968 836 1033 884 sese
1049 818 1100 882 ha·

123 904 208 965 bent:
237 905 268 972 in
294 903 413 966 victoria
434 900 506 962 vel
498 902 607 978 ignavis
628 900 747 980 gloriari
775 901 856 970 licet,
886 903 1025 966 advorsae
1053 919 1101 964 res

124 989 212 1055 etiam
233 987 325 1054 bonos
347 986 518 1050 detractant

88 1091 114 1132 no
206 1069 364 1132 Metellus'
356 1087 387 1128 m
401 1066 510 1128 eisdem
525 1069 626 1128 castris
643 1067 805 1146 quadriduo
818 1037 966 1136 moratus,
987 1085 1101 1128 seueros
1110 1069 1151 1128 54

123 1171 189 1218 cum
204 1172 275 1214 cura
296 1152 405 1220 reficit,
426 1143 575 1218 meritos'
568 1168 598 1212 m
618 1150 738 1228 procbis
758 1169 841 1214 more
861 1149 979 1213 utilitiae
1001 1152 1097 1221 donat,
1158 1219 1164 1224 ⁵

121 1239 275 1298 univorsos
296 1237 327 1296 in
344 1237 478 1306 contione
499 1233 598 1306 iaudat
618 1241 704 1313 atque
723 1236 782 1311 agit
807 1236 931 1312 gratias:
955 1235 1097 1302 bortatur,

122 1320 280 1388 adcelera,
303 1338 378 1396 quae
396 1318 468 1384 levie
490 1320 560 1386 siut,
583 1320 828 1396 paremanimum
849 1325 965 1394 gerant:
988 1335 1043 1394 pro
1058 1319 1098 1384 vi·

124 1404 216 1464 ctoria
238 1405 306 1468 satis
328 1401 413 1497 [iam]
438 1407 607 1478 pugnatum,
628 1401 755 1468 relicuos
772 1401 889 1466 labores
908 1419 963 1478 pro
989 1401 1099 1478 praeda
1123 1430 1125 1439 2

88 1485 197 1550 essere
228 1485 340 1546 Tamen
360 1485 477 1547 interim
497 1485 663 1561 transfugas
682 1492 710 1546 et
723 1485 795 1544 alios
811 1491 980 1562 oportunus,
995 1484 1140 1564 lugur
1108 1497 1124 1596 ι

123 1569 174 1628 tha
194 1567 246 1629 ubi
266 1569 395 1645 gentium
414 1574 464 1627 aut
484 1567 554 1645 quid
575 1567 705 1643 agitaret,
727 1586 794 1630 cum
806 1570 945 1652 paucisne
967 1575 1100 1628 essetan

125 1654 286 1714 exercitum
303 1650 439 1718 baberet,
462 1655 495 1710 ut
516 1666 580 1716 sese
597 1651 689 1710 victus
702 1657 828 1726 gereret,
850 1642 1032 1727 exploratum
1046 1651 1099 1709 mi·

124 1737 169 1808 sit.
194 1735 230 1794 At
248 1734 295 1796 ille
310 1751 375 1797 sese
386 1735 415 1794 in
429 1733 494 1794 loca
513 1731 640 1804 saltuosa
658 1739 687 1793 et
701 1736 926 1798 naturamunita
940 1739 1103 1811 receperat,
1113 1741 1129 1793 3
1269 1775 1270 1792 ι

123 1818 222 1896 ibique
239 1817 363 1894 cogebat
378 1818 677 1888 exercitumeutnero
691 1817 842 1878 bominum
857 1816 1038 1915 ampliorem,
1060 1822 1104 1876 set
1204 1879 1216 1892 χ
1269 1843 1270 1886 ι

88 1901 260 1962 ιιιιιιιιιιιιι
282 1899 501 1978 infirmumque,
530 1903 595 1979 agri
616 1919 650 1960 ac
673 1903 788 1978 pecoris
810 1903 902 1978 magis
925 1919 1014 1979 quam
1034 1897 1103 1962 belli
1269 1893 1270 1912 ¹

126 1977 275 2046 cultorem.
327 1983 360 2044 ld
391 2002 424 2043 ea
445 1986 537 2059 gratia
556 1985 731 2054 ¹eveniebat,
738 1987 839 2127 fquod
866 1991 985 2062 praeter
1007 1987 1148 2060 regiosn«

125 2071 236 2148 equites
257 2085 345 2151 nemo
369 2068 499 2128 omnium
521 2067 647 2131 Numida
675 2086 711 2130 ex
738 2068 808 2146 fuge
834 2085 936 2145 regem
957 2071 1103 2145 sequitur:

125 2170 183 2230 quo
201 2148 342 2229 cuiusque
357 2151 470 2210 animus
484 2150 550 2219 i,ert
557 2169 602 2231 eo
618 2151 780 2220 discedunt,
801 2169 897 2229 neque
914 2149 944 2210 id
964 2151 1102 2226 flagitium

126 2234 242 2294 militiae
260 2235 390 2300 ducitur:
413 2234 452 2299 ita
471 2251 502 2294 se
524 2251 622 2295 mores
641 2232 759 2318 hahent.

88 2339 115 2379 ιι
209 2317 301 2394 Igitur
315 2316 450 2378 Metellus
465 2315 516 2378 ubi
532 2315 606 2378 videt
623 2318 702 2392 regis
715 2307 870 2379 etiamtum
881 2317 1009 2376 animum
1025 2313 1102 2374 lero·
1091 2329 1129 2380 ·5

127 2419 191 2462 cem
206 2419 278 2469 esse,
295 2400 406 2462 bobum
426 2402 569 2468 renovari,
588 2400 736 2478 quodnisi
750 2418 786 2462 en
803 2398 880 2459 illius
895 2397 1024 2460 lubidine
1026 2397 1104 2482 geri

126 2503 186 2544 non
203 2491 308 2562 posset,
330 2491 482 2562 praeterea
504 2485 612 2544 inicum
634 2489 782 2557 qertameb
803 2483 860 2544 sibi
881 2501 960 2552 cnm
962 2463 1103 2548 hostibus,

125 2569 239 2628 minore
261 2567 434 2629 detrimento
455 2566 521 2627 illos
542 2569 617 2628 vinei
644 2569 732 2648 quam
753 2585 823 2628 suos
844 2568 977 2634 vincere,
1008 2565 1106 2625 statuit

125 2669 184 2711 non
203 2651 322 2742 proeliis
343 2667 439 2748 neque
462 2650 505 2732 [in
506 2649 612 2730 ]ecie,
638 2658 682 2714 set
696 2651 752 2714 alio
766 2670 850 2714 more
871 2650 981 2713 bellum
996 2665 1103 2724 gerun-

89 2755 116 2800 ao
126 2736 205 2795 dum.
225 2733 360 2813 ltaque
351 2753 382 2796 m
396 2735 460 2795 loca
474 2733 628 2796 Numidiae
643 2735 871 2816 opulentissuma
888 2734 994 2812 pergit,
1017 2741 1130 2806 agroso

126 2823 226 2886 restat,
237 2818 328 2880 multa
344 2817 460 2880 castella
472 2825 501 2880 et
512 2818 627 2896 oppida,
637 2826 748 2882 temere
759 2821 870 2878 munita
884 2823 934 2876 aut
944 2817 1007 2874 siue
1018 2830 1103 2892 prae·

125 2901 208 2970 sidio,
225 2903 301 2979 capit
312 2901 512 2979 incenditque
530 2900 658 2978 puberes
675 2901 823 2967 interficit,
841 2898 922 2960 iubet
938 2896 993 2958 alia
1008 2899 1104 2959 omnia

126 2983 250 3044 militum
271 2986 412 3063 praedam
433 3001 506 3045 esse.
547 2985 589 3046 Ea
605 2984 760 3046 formidine
782 2981 865 3043 multi
886 2979 1023 3042 mortales
1045 2979 1103 3040 Ro·
1193 3017 1194 3024 ι

125 3069 219 3127 manis
241 3067 329 3129 dediti
350 3066 481 3135 obsides,
504 3065 684 3130 trumentum
705 3071 734 3128 et
752 3065 807 3126 alia
824 3083 898 3145 quae
920 3066 986 3126 usui
1007 3065 1104 3124 iorem

90 3141 116 3212 ss
126 3150 244 3212 adfatim
263 3149 408 3231 praebita,
432 3149 608 3246 ubicumque
622 3169 672 3212 res
684 3147 851 3228 postulabat
868 3148 1067 3228 praesidium
1060 3164 1102 3211 ut·

126 3233 260 3310 positum.
302 3233 382 3303 Quae
399 3234 515 3311 negotia
537 3232 738 3310 multomagis
760 3248 847 3311 quam
868 3231 1012 3330 proelium
1027 3228 1137 3293 malet·

125 3325 287 3414 pugnatum
298 3317 335 3378 ab
347 3319 406 3378 suis
420 3332 521 3394 regem
532 3315 696 3378 terrebant:
713 3318 835 3414 quippe·
837 3319 920 3378 cuius
931 3331 997 3392 spes
1008 3315 1103 3378 omnis

125 3400 154 3459 in
176 3400 245 3476 tuga
266 3403 319 3462 sita
341 3407 418 3469 erat,
442 3403 524 3479 sequi
547 3400 715 3479 cogebatur,
739 3406 768 3462 et
786 3401 904 3479 quisue
920 3397 985 3458 loca
1002 3396 1102 3466 delen·
