2548 3930
249 217 292 258 nn
312 217 413 260 ununo
436 217 634 262 rvevarnmo
657 217 686 260 c.
706 208 749 264 98.
768 209 814 264 Χ99.
835 210 897 264 100.
1022 197 1063 260 99

91 372 264 448 oportunus,
285 355 352 444 quia
363 381 469 442 magna
483 372 566 444 parte
582 366 675 428 editus
690 373 719 429 ct
733 383 874 444 praeceps
889 371 1062 444 pauca'mu·

89 453 213 512 nimenta
242 448 410 530 quaerebat
465 450 601 510 Ceterum
629 449 704 528 apud
733 465 838 528 aquam
864 449 971 510 Sullam
995 458 1088 510 euml

86 534 231 612 equitibus
248 539 363 594 noctem
379 533 487 610 agitare
502 533 595 593 iubet:
614 535 676 610 ipse
690 533 829 610 paulatim
847 533 993 610 dispersos
1008 531 1061 592 mi·

1 599 17 658 9
89 616 150 677 lites
169 635 264 696 neque
285 617 381 676 minus
395 616 527 677 hostibus
543 623 611 677 cont
599 615 749 676 turbatis
742 635 772 676 ιιι
793 634 885 676 unum
907 615 1060 683 contrahit,

4 758 7 768 ,
67 701 153 762 ιιιιιιι
168 707 287 762 cunctos
304 699 391 776 pleno
406 700 516 776 gradu
509 717 549 758 ιιι.
555 699 660 760 collem
674 699 818 760 subducit
838 699 881 760 lta
896 716 990 776 reges,
1007 697 1089 761 locio

8 801 10 850 g
89 781 254 846 difficultate
274 783 380 850 coacti,
402 781 513 858 proelio
534 783 582 844 det
570 788 736 852 terrentur,
759 801 855 862 neque
876 789 974 844 tamen
995 799 1065 843 suos

15 875 16 878 ’
85 865 201 942 longius
217 865 298 926 abire
312 867 424 936 sinunt,
446 872 491 926 set
503 873 628 946 utroque
644 865 717 930 colle
737 865 920 928 multitudine
939 866 1064 925 circum·

12 1008 13 1014 ,
90 951 154 1012 dato
177 950 261 1010 effusi
283 949 450 1010 consedere.
467 949 541 1012 Dein
563 949 675 1012 crebris
696 949 812 1026 ignibus
830 949 913 1010 sactis
934 948 1064 1030 plerum·
1074 961 1092 1014 o

1 1022 16 1066 9
90 1052 145 1112 que
173 1034 266 1092 noctis
291 1032 411 1092 barbari
436 1050 518 1094 more
548 1051 602 1093 suo
630 1033 731 1094 laetari
760 1033 905 1100 exultare,
932 1039 1066 1108 strepere

2 1113 5 1150 9
54 1133 81 1174 10
91 1115 215 1184 vocibus
239 1117 336 1194 etipsa
356 1116 445 1176 duces
458 1107 591 1186 feroces,
610 1117 677 1194 quia
691 1133 751 1176 non
765 1116 915 1192 lugerent,
937 1133 991 1194 pro
1008 1117 1065 1176 vic·
1127 1173 1129 1180 .

2 1186 15 1233 9
89 1199 200 1259 toribus
221 1217 318 1278 agere.
356 1199 406 1259 Set
425 1215 459 1259 ea
475 1207 578 1261 cuncta
598 1198 737 1260 Romanis
754 1217 790 1260 ιι
811 1198 940 1260 tenebris
962 1206 991 1258 et
1005 1199 1092 1260 edi-7

2 1277 12 1319 9
88 1282 210 1344 tionibus
221 1282 292 1344 locis
309 1281 401 1344 facilia
417 1284 480 1344 visu
495 1275 659 1362 magnoque
678 1283 862 1344 hortamento
881 1288 973 1343 erant.
996 1281 1064 1343 Plu·
1076 1279 1115 1341 99

2 1363 11 1421 l
87 1384 206 1437 numum
227 1385 295 1436 nero
317 1365 424 1428 Marius
446 1368 579 1443 inperitia
601 1366 728 1428 hostiurn
750 1365 955 1434 confirmatus,
979 1381 1067 1444 quarn

1 1429 14 1486 9
88 1467 257 1512 maxumum
271 1447 364 1510 5ιιιιι
343 1453 416 1511 trum
428 1449 532 1510 haberi
546 1450 641 1518 iubet,
655 1467 696 1510 ne
707 1452 788 1526 signa
806 1450 937 1526 quidem,
955 1450 997 1510 uti
1012 1465 1066 1526 per

2 1527 13 1569 9
52 1547 79 1590 ιι
90 1531 199 1609 vigilias
220 1530 359 1599 solebant,
377 1549 498 1594 canere:
521 1533 638 1604 deinde,
663 1532 715 1593 uhi
732 1532 783 1593 lun
804 1531 992 1600 adventabat,
1016 1532 1065 1593 de·

3 1607 14 1652 9
87 1616 194 1678 fessis
186 1633 244 1676 ιιιιι
261 1613 394 1676 hostibus
409 1620 437 1676 et
452 1613 538 1692 paulo
555 1622 623 1684 ente
640 1633 742 1678 somno
758 1617 849 1692 captis
865 1615 927 1676 de
919 1617 1065 1691 inproviso

2 1690 12 1736 9
89 1698 198 1794 vigiles,
214 1699 283 1758 item
298 1696 463 1766 cohortium
477 1706 642 1760 turmarum
660 1698 809 1775 legionum
822 1697 966 1760 tubicines
980 1697 1066 1758 simul

2 1774 12 1820 9
90 1783 184 1842 omnis
189 1782 287 1857 signa
309 1799 428 1850 canere,
451 1780 556 1844 milites
574 1781 700 1844 clamore
753 1781 855 1842 tollere
871 1788 958 1859 atque
973 1782 1099 1860 portis

2 1863 13 1902 99
88 1881 245 1940 erumpere
260 1861 379 1944 [iubet].
413 1863 508 1926 Mauri
523 1871 609 1945 atque
625 1800 751 1935 Gaetbb,
773 1867 872 1942 ignoto
889 1871 918 1925 et
932 1863 1092 1926 horribilia

1 1944 184 2008 9ιι5ιιιιιιιι
205 1953 326 2024 repente
351 1949 451 2020 exciti,
482 1967 579 2028 neque
598 1948 701 2025 lugere
723 1967 820 2028 neque
848 1967 929 2008 arma
950 1966 1064 2026 capere,

3 2009 12 2068 9
87 2049 183 2110 neque
198 2032 316 2090 omnino
330 2031 427 2094 facere
442 2038 492 2093 aut
511 2033 665 2118 providere
681 2035 836 2111 quicquam
855 2037 1006 2110 poterant:
1026 2034 1091 2092 itae

7 2110 12 2148 9
88 2119 208 2174 cunctos
225 2116 346 2190 strepitu
362 2113 504 2184 clamore,
526 2111 615 2177 nullo
620 2115 816 2178 subveniente
833 2117 941 2174 nostris
957 2116 1066 2174 instan-

2 2196 11 2236 9
86 2197 178 2267 tibus,
199 2196 323 2257 tumultu
341 2196 496 2276 formidine
518 2201 600 2277 quasi
614 2199 749 2260 vecordia
768 2203 903 2274 ceperat
921 2197 1066 2274 Denique

2 2272 11 2346 9.
89 2296 192 2340 omnes
204 2279 262 2340 lusi
274 2278 436 2357 fugatique:
449 2299 530 2340 arma
541 2287 570 2342 ιι
580 2299 661 2358 srgna
672 2280 806 2342 ιιιιιιιιιι
818 2279 957 2358 pleraque
972 2285 1064 2357 capta,

1 2361 77 2422 ιι
88 2363 247 2442 pluresque
256 2382 291 2425 eo
305 2363 417 2440 proelio
430 2381 517 2442 quam
529 2365 665 2427 omnibus
676 2363 875 2442 superioribus
887 2364 1063 2440 interempti

4 2431 9 2487 9
85 2447 162 2510 Nam
178 2464 282 2508 somno
298 2452 327 2508 et
343 2453 422 2508 metu
444 2447 558 2508 insolito
579 2449 706 2526 inpedita
724 2448 801 2524 luga.

2 2531 9 2543 “
171 2530 243 2590 Dein
255 2529 362 2592 Marius
376 2531 417 2592 uti
432 2533 599 2608 coeperat'
591 2550 621 2594 ιιι
632 2531 772 2594 hiberna
766 2529 830 2566 999
838 2527 949 2566 99999
959 2547 1048 2610 prop·
1037 2529 1117 2592 -too

2 2613 9 2656 9
84 2622 133 2676 ter
162 2619 295 2674 conmeat
296 2631 346 2674 um
373 2616 403 2674 in
430 2615 543 2692 oppidis
570 2617 732 2677 maritumis
765 2632 853 2694 agere
886 2616 1065 2676 decreverat

2 2697 9 2738 9
85 2697 189 2776 Neque
204 2704 301 2758 tamen
316 2698 436 2758 victoria
454 2715 554 2759 socors
569 2705 618 2759 aut
631 2698 759 2760 insolens
774 2701 881 2767 lactus,
898 2704 942 2758 set
956 2699 1067 2775 pariter
1261 2767 1262 2775 ἵ

2 2783 7 2821 9
48 2799 76 2840 ιι
86 2781 197 2858 atque'
189 2798 219 2840 ιιι
231 2785 387 2858 conspectu
402 2781 526 2843 hostium
539 2781 681 2880 quadrato
692 2785 806 2858 agmine
821 2781 971 2842 incedere.
988 2777 1094 2841 Sullae
1259 2787 1261 2853 l

2 2863 6 2904 9
85 2883 157 2926 cum
173 2864 300 2942 equitatu
323 2863 399 2940 apud
416 2864 605 2934 dentumos,
597 2885 627 2926 ιιι
648 2867 763 2926 sinistre
784 2863 922 2941 parteil.
943 2859 1067 2923 Manlius
1260 2856 1261 2906 9

1 2949 6 2986 9
84 2966 156 3009 eum
175 2943 370 3008 funditoribus
385 2953 413 3006 ιι
429 2948 592 3032 sagittariis,
606 2955 759 3026 praeterea
776 2946 904 3006 cohortis
925 2947 1067 3022 Ligurum

2 3034 6 3070 9
84 3029 226 3092 curabat:
249 3031 359 3106 primos
382 3036 411 3088 et
427 3022 574 3092 entremos
596 3050 663 3093 cum
676 3029 816 3108 expeditis
838 3029 1014 3126 manipulis
1014 3031 1066 3090 tri·

2 3113 6 3152 9
83 3113 184 3176 bunos
196 3111 355 3174 ιοιιιιιιι·
370 3112 524 3190 perfugae,
540 3115 670 3176 minume
685 3114 745 3172 cari
761 3118 789 3172 et
803 3113 957 3190 regionum
971 3116 1065 3178 scien-
1054 3122 1092 3173 -3

1 3189 215 3266 lacessunt,
231 3196 359 3256 hostium
374 3197 428 3255 iter
445 3195 644 3272 explorabant
673 3194 765 3256 Simul
776 3193 877 3256 consul
890 3199 971 3275 quasi
985 3195 1065 3258 nullo

2 3279 4 3316 9
84 3281 213 3356 inposito
236 3278 331 3338 omnia
353 3279 523 3354 providere,
545 3279 622 3357 apud
644 3279 738 3340 omnis
758 3279 874 3347 adesse,
894 3278 1015 3340 laudare
1037 3284 1067 3338 et

2 3393 3 3400 ι
84 3363 242 3438 inerepare
264 3363 411 3422 merentis.
445 3361 511 3438 lpse
532 3368 661 3422 armatus
674 3363 859 3440 intentusque
877 3364 947 3422 item
961 3362 1094 3427 milites4

2 3475 3 3478 ¹
85 3444 228 3524 cogebat:
249 3461 344 3525 neque
359 3443 444 3508 secus
458 3453 545 3524 atque
559 3445 615 3508 iter
633 3445 744 3518 lacere,
767 3451 860 3508 castra
873 3447 999 3516 munire,
1014 3464 1065 3507 ex·

869 3545 912 3607 '13

1 519 17 561 ll
