2536 3936
150 218 169 278 2
195 248 200 254 ’
288 237 331 278 nn
357 198 530 280 uarmman
554 201 803 291 courvnaqreun.
825 239 853 281 e.
875 231 901 283 2.
923 233 949 288 3.
968 234 995 287 4.

97 401 101 418 f
149 403 198 446 res
212 385 362 454 humanae
372 382 529 454 haberent,
548 403 644 465 neque
659 386 737 448 aliud
752 387 808 450 alie
823 387 896 449 ferri
907 405 1006 469 neque
1020 395 1128 452 mutari

124 487 185 534 tae
198 469 316 530 misceri
330 473 426 556 quinia
442 487 588 530 cerneres.
612 470 689 532 Nam
700 473 846 550 inperium
862 471 946 534 laeile
963 475 1004 534 eis
1015 475 1134 541 artibus*
1184 480 1186 488 ’

124 555 301 622 aretinetur,
325 554 430 632 quibus
445 555 526 615 initio
546 560 664 634 partum
685 559 748 614 est:¹
768 571 871 616 verum
886 556 937 618 ubi
952 575 1007 637 pro
1026 557 1127 621 labore

61 653 64 668 ’
152 636 277 706 desidia,
300 639 548 718 praeeminentia
564 643 594 698 et
607 639 752 717 aequitate
770 638 870 700 lubido
889 647 975 722 alque
991 642 1128 721 superbia

125 722 297 791 timaeum,
332 721 450 781 fortuna
473 720 568 782 simul
600 740 667 783 cum
698 721 830 783 moribus
858 724 1028 787 inmutetur.
1086 727 1151 790 ltaa'
1256 753 1262 782 ι

141 805 296 946 inperfium
322 821 439 898 §emper
467 805 503 866 ad
532 812 684 885 optumum
709 823 855 886 quemque
882 811 1021 871 anninus
1050 810 1129 872 bono

148 895 230 949 trans
243 894 334 949 ertur.
872 941 884 960 ,
1016 942 1022 948 .
1213 947 1216 952 ,

124 987 140 1036 7
234 972 315 1043 Quae
336 971 470 1034 hemines
482 980 569 1042 araut
584 975 720 1050 navigant
736 973 898 1042 aedificant,
919 975 1018 1036 virtuti
1032 978 1129 1036 omnia

55 1035 83 1098 Ψ
125 1060 263 1136 a'parent.
304 1053 355 1116 Set
371 1055 454 1116 mulli
468 1057 607 1118 mortales
623 1057 711 1118 dediti
724 1058 820 1124 ventri
839 1063 926 1136 atque
943 1075 1061 1127 somno,
1084 1061 1128 1119 in-

148 1141 226 1201 <loeti
240 1137 399 1218 incultique
413 1141 500 1201 vitam
521 1143 606 1220 sicuti
617 1143 844 1219 peregrinantes*
851 1143 1003 1211 transiere,
1023 1142 1129 1222 quihus
1137 1165 1164 1224 qe

147 1223 281 1302 prolecto
298 1230 400 1284 contra
414 1230 551 1285 naturam
562 1242 669 1303 corpus
682 1225 836 1303 voluptati,
854 1225 949 1300 anima
965 1227 1049 1286 oneri
1064 1227 1127 1287 luit.

147 1307 259 1392 Eorum
278 1322 332 1383 ego
352 1309 439 1367 vitam
458 1315 642 1388 martemque
664 1309 743 1368 iuxta
765 1315 905 1378 aestumo,
929 1310 1069 1388 quoniam
1093 1310 1130 1370 de

123 1398 274 1469 antraque
294 1388 405 1450 siletur.
449 1389 558 1452 Verum
580 1395 729 1453 enimvero
750 1392 774 1451 is
797 1392 915 1454 demum
936 1393 1017 1453 milri
1030 1394 1127 1454 virere

70 1507 72 1518 ν
149 1481 236 1554 atque
252 1473 312 1534 frui
327 1475 423 1534 anima
438 1475 569 1546 videtur,
585 1477 636 1556 qni
654 1474 750 1552 aliquo
765 1476 884 1552 negotiu
900 1478 1029 1537 intentus
1042 1493 1129 1554 prae-

148 1557 220 1619 elari
233 1557 371 1618 laniareris
386 1565 437 1620 aut
451 1561 521 1620 artis
535 1559 631 1621 bonae
645 1558 753 1620 famam
769 1561 891 1639 quaem
911 1559 964 1622 Set
976 1562 1007 1620 'm
1023 1567 1129 1636 ma‘gna
1138 1584 1164 1623 ra

148 1644 233 1721 eopia
249 1659 353 1703 rerum
371 1641 449 1704 aliud
471 1643 518 1705 alii
537 1651 651 1705 natura.
668 1645 724 1704 iter
740 1643 879 1707 autenm.
1040 1639 1042 1646 ’
1092 1698 1094 1705 s

119 1723 137 1784 3
232 1725 375 1788 Pulcrum
393 1735 437 1788 est
455 1727 533 1790 bene
548 1729 645 1790 faeere
657 1729 709 1788 rei
727 1726 878 1804 pullique,
896 1729 982 1789 etiam
997 1726 1073 1788 bene
1088 1727 1130 1812 ‹li-

150 1828 218 1871 aare
238 1811 310 1870 haut
331 1807 493 1870 absurdum
516 1818 574 1871 est:
600 1811 649 1870 vel
670 1825 744 1886 paee
765 1810 811 1870 rel
831 1810 910 1869 bello
934 1811 1047 1870 alarum
1067 1810 1131 1868 fieri

148 1893 230 1954 lieet:
246 1899 275 1952 et
292 1895 342 1970 qui
358 1892 457 1952 fecere
472 1899 501 1953 et
509 1894 566 1971 qui
577 1891 653 1952 faeta
670 1892 796 1951 alierum
810 1894 956 1970 scripsere
969 1889 1053 1950 muti
1068 1887 1137 1952 lau-'
1178 1940 1180 1949 .

126 1977 268 2039 adantur.
302 1975 432 2036 Aemilii
447 1977 581 2054 quidam,
596 1975 710 2036 amatu
723 1973 942 2053 hautquaquam
962 1991 1017 2052 par
1039 1973 1131 2050 gloria
1141 2003 1167 2044 20
1261 2005 1262 2034 l

150 2060 282 2138 sequitur
294 2061 469 2137 scriptorem
485 2065 515 2120 et
526 2065 658 2119 aeturern
671 2074 787 2124 rernm,
807 2063 905 2118 tamen
921 2059 953 2135 in
967 2058 1069 2136 primis
1084 2077 1131 2118 ar-
1261 2061 1262 2068 ’

149 2144 242 2204 duum
257 2142 371 2203 videtur
390 2159 440 2205 res
456 2148 556 2219 quus
566 2140 716 2203 seribere:
735 2142 865 2218 primam
883 2141 962 2221 quod
980 2139 1056 2202 lauta
1070 2143 1143 2202 die-
1173 2190 1180 2196 .
1261 2167 1262 2188 i

150 2229 187 2288 tis
209 2227 397 2306 exaequanda
416 2233 500 2296 sunt,
522 2226 627 2296 dehine
639 2226 707 2305 quia
720 2223 855 2304 plerique
872 2241 947 2304 quae
965 2224 1069 2286 delleta
1083 2243 1131 2286 re·

149 2311 344 2392 prehentleris
369 2310 564 2372 malivolentia
591 2317 622 2372 et
644 2310 749 2371 invidia
772 2308 848 2370 dieta
868 2314 986 2388 putant,
1015 2308 1067 2368 uhi
1094 2309 1131 2369 de
1189 2363 1191 2370 .

151 2410 259 2470 magna
279 2396 493 2474 autumatque
517 2395 610 2472 gloria
630 2395 778 2455 bonarum
794 2409 958 2463 memores,
980 2411 1055 2472 quae
1075 2391 1172 2463 silri25

34 2495 35 2502 ¹
150 2479 275 2558 qn'mque
296 2477 391 2539 laeilia
412 2477 491 2556 iaetu
513 2485 708 2557 patulaeque
729 2480 825 2538 anime
848 2479 962 2554 accipit,
986 2493 1074 2555 supra
1097 2495 1132 2537 ea
1223 2521 1227 2530 ,

151 2560 241 2623 ueluti
262 2562 330 2623 fieta
349 2561 502 2641 profulsis
523 2560 613 2622 duait.
1170 2626 1175 2644 .
1261 2599 1262 2642 3

125 2659 143 2713 3
237 2645 290 2706 Set
309 2661 365 2722 ega
380 2643 620 2706 adulescentulus
635 2644 717 2704 initio
732 2644 820 2702 sicuti
834 2641 968 2722 plerique
981 2642 1078 2706 studio
1089 2644 1131 2704 all

137 2747 217 2801 ,reni
232 2724 380 2807 publicam
395 2729 471 2790 latus
489 2746 571 2796 sum,
591 2727 694 2808 ibique
709 2725 780 2786 mihi
794 2724 884 2788 multa
899 2727 1021 2788 adversa
1037 2727 1129 2788 fuere.

152 2815 228 2876 Nam
237 2831 295 2892 pru
308 2813 435 2892 pudore,
451 2829 506 2892 pre
520 2812 708 2880 abstinenlia,
725 2828 781 2889 pro
796 2811 902 2890 virtute
917 2811 1057 2894 andacia,
1073 2809 1130 2870 lar·
1141 2837 1166 2880 ³0

114 2899 233 2975 agitio,
248 2898 367 2958 avaritia
382 2897 527 2974 rigebant.
558 2898 639 2969 Quae
653 2896 767 2964 tametsi
782 2896 895 2956 animus
909 2894 1131 2973 aspemahatur,

154 2981 283 3043 meolam
299 2981 443 3044 malarum
460 2982 581 3049 artirnn,
597 2988 694 3041 tmnan
716 2982 792 3040 inter
811 2985 891 3039 tanta
910 2981 976 3040 vilia
998 2977 1132 3038 inbecilla

131 3068 237 3132 aiens
259 3064 416 3145 ambitione
432 3071 576 3144 tantuma
590 3063 760 3126 tenebatur:
782 3081 816 3123 aa
836 3078 897 3132 me3
921 3081 988 3123 cnm
1008 3063 1046 3122 ab
1063 3060 1130 3120 reli-

157 3167 279 3210 euorum
302 3148 385 3210 malis
402 3149 539 3210 muribus
561 3149 758 3232 dissentirem,
780 3146 871 3208 nihilo
893 3149 989 3208 minus
1008 3145 1130 3214 honoris

157 3233 263 3313 cupido
276 3233 378 3294 eadem
392 3235 553 3309 eademque
564 3250 638 3312 quaa
647 3237 760 3292 eeteros
777 3229 853 3292 lama
866 3237 954 3310 utque
966 3227 1072 3288 invidia
1082 3245 1130 3288 ve·
1142 3259 1167 3301 35

125 3317 252 3380 luebat.
280 3317 380 3394 lgitur
393 3315 445 3378 ubi
460 3319 574 3380 animus
588 3325 624 3378 ax
641 3313 740 3376 multia
753 3314 878 3388 miseriis
893 3321 978 3391 atque
992 3309 1131 3389 perieulia

108 3411 115 3467 ,’
154 3402 301 3482 requievit
317 3401 432 3462 etmihi
452 3400 593 3463 relicuum
607 3406 730 3462 aetatem
745 3417 761 3460 a
779 3395 944 3477 republica
959 3393 1064 3473 procul
1079 3393 1132 3460 lra-

135 3485 285 3547 'bendmn
302 3486 433 3556 alacrem,
454 3499 514 3546 nnn
533 3485 587 3546 luit
602 3485 752 3588 equalium
768 3481 900 3544 socordia
915 3485 1001 3559 atque
1023 3477 1131 3541 desidia
