2548 3930
287 207 290 222 ι
323 193 366 234 nu
386 193 488 236 annno
511 194 713 240 ιιιινιιιιιιιιο
734 197 762 240 n
780 187 822 246 79
843 191 887 246 80.
1052 183 1092 248 85

119 358 158 400 na
171 357 238 400 mox
252 341 353 400 victos
364 342 546 420 victoresque
568 346 697 406 delessos
717 345 790 407 alius
804 346 1022 422 adgrederetur,
1040 368 1093 427 per

120 424 244 486 indutias
258 425 444 522 sponsionem
464 426 587 498 iaciunt,
609 431 657 490 uti
668 438 751 490 certo
764 430 811 490 die
824 427 909 506 legati
924 432 1010 494 domo
1025 451 1093 510 pro·

119 507 334 568 ficisccrentnr:
351 526 410 586 quo
425 510 454 568 in
467 509 532 569 loco
548 515 623 572 iuter
638 531 669 573 se
684 513 761 574 ohvii
772 513 927 583 luissent,
919 534 944 576 rs
962 535 1091 578 commu·

119 593 165 651 nis
179 592 331 669 utriusque
346 591 446 668 populi
459 593 525 654 linis
544 595 711 656 haberetur.
743 597 834 672 lgitur
845 596 1018 674 Carthagine
1032 600 1118 660 duco

97 675 226 738 alratres
240 675 327 743 missi,
344 675 450 753 quihus
465 694 571 738 nomen
589 678 734 740 Philaenis
750 685 820 747 erat,
835 689 1017 754 maturavere
1038 685 1092 743 iter

119 773 258 836 pergere:
282 756 463 820 Cureueuses
480 762 624 822 tardius
617 781 687 824 rere.
730 763 763 824 ld
779 765 952 826 socordiane
969 784 1006 826 au
1022 785 1091 827 casn

120 843 265 910 acciderit,
286 857 389 919 parum
412 846 542 920 cognovi.
576 844 719 910 Ceterum
730 846 825 908 solet
818 865 847 908 ru
862 848 917 908 illis
931 848 1002 910 locis
1020 857 1091 910 tem·
1101 861 1117 912 a

120 932 215 1002 postas
236 925 305 984 haut
324 943 409 988 secus
430 934 516 1006 atque
542 931 571 988 ιιι
593 932 667 991 mari
688 931 824 992 retinere.
874 931 947 992 llam
968 932 1019 994 uhi
1038 951 1092 1015 per

120 1007 183 1069 loca
205 1007 334 1107 aequalia
355 1016 384 1071 et
404 1011 481 1072 nuda
497 1014 677 1088 gignentium
697 1020 800 1074 ventus
822 1022 939 1076 coortus
952 1009 1092 1078 harenam

86 1092 209 1152 iohnmo
228 1094 367 1162 excitavit,
392 1113 425 1154 ea
444 1111 548 1171 magna
564 1098 591 1157 vi
606 1099 710 1173 agitata
726 1115 778 1157 ora
800 1097 957 1175 oculosque
980 1100 1091 1177 inplere

21 1207 29 1216 ·
120 1173 201 1244 solet,
223 1178 262 1238 ita
281 1184 438 1256 prospectu
455 1180 583 1258 inpedito
599 1183 709 1241 morari
730 1183 793 1241 iter.
828 1179 985 1258 Postquani
1002 1184 1116 1245 Cure-a

119 1277 224 1320 nenses
239 1259 385 1338 aliquanto
403 1265 579 1341 posteriores
598 1283 629 1324 se
650 1282 713 1326 esse
733 1264 829 1324 vident
850 1270 879 1326 et
893 1264 930 1324 oh
943 1283 1007 1326 rem
1021 1283 1091 1326 oon-

119 1349 236 1420 ruptam
246 1344 325 1404 domi
336 1363 444 1424 poenas
457 1353 598 1416 metuunt,
614 1349 761 1423 criminari
754 1346 1014 1425 Carthaginiensis
1025 1356 1092 1410 ante

119 1433 234 1504 tempus
245 1426 331 1486 domo
342 1428 495 1505 digressos,
504 1430 680 1492 conturbare
687 1449 758 1500 rem,
767 1431 891 1509 denique
901 1435 996 1494 omnia
1008 1432 1092 1494 malle

88 1534 112 1573 rs
121 1528 207 1590 quam
223 1511 289 1570 victi
303 1509 393 1572 abire.
417 1512 468 1572 Set
482 1531 549 1574 cum
559 1514 649 1574 Poeni
664 1514 749 1574 aliani
764 1514 967 1584 conditionem,
981 1523 1118 1579 tantuma

120 1595 208 1654 modo
222 1601 358 1672 aequam]
374 1602 523 1673 peterent,
539 1596 643 1656 Graeci
655 1599 801 1673 optionem
816 1595 1093 1674 Carthaginiensium

122 1678 243 1748 iaciunt,
266 1678 357 1740 utvel
373 1678 427 1748 illi,
451 1697 523 1758 quos
539 1680 604 1740 finis
624 1677 732 1759 popailo
754 1698 807 1740 suo
822 1686 963 1759 peterent,
986 1681 1065 1741 ibi'
1042 1685 1093 1743 uvi

123 1760 334 1832 obruerentur,
356 1762 401 1824 vel
429 1763 530 1850 eadem
558 1765 729 1836 conditione
748 1781 812 1824 sese
835 1782 922 1842 quem
943 1766 972 1825 iu
996 1763 1093 1826 locum

122 1843 228 1904 vellent
244 1861 443 1944 processuros
483 1834 613 1910 Philaeni
632 1848 795 1910 conditione
810 1847 931 1946 probata
946 1866 1035 1946 seque
1054 1851 1092 1910 vi·
1080 1858 1120 1910 -ιι
1152 1922 1153 1928 ¹

87 1937 239 2006 rotamque
266 1946 349 1991 suam
375 1932 420 1992 rei
447 1929 601 2010 publicae
608 1932 821 1992 condonavere:
845 1933 882 1991 ita
904 1933 958 1992 vivi
986 1933 1090 1994 ohruti.

121 2010 401 2089 Carthaginienses
393 2033 423 2074 m
450 2033 485 2077 eo
511 2015 576 2076 loco
598 2015 742 2076 Philaenis
766 2009 905 2076 iratribus
935 2034 1001 2076 aras
1022 2035 1089 2078 con-
1102 2026 1134 2077 ιιι

120 2113 284 2163 sacravere,
303 2097 407 2176 aliique
419 2098 474 2159 illis
489 2100 566 2159 domi
581 2098 708 2159 honores
722 2099 850 2160 instituti.
877 2098 961 2160 Nunc
976 2100 1012 2158 ad
1028 2118 1092 2159 rem

120 2179 217 2238 redeo.

203 2261 342 2338 lugnrtha
356 2268 509 2339 postquam
521 2264 624 2322 amissa
634 2219 724 2322 Thala
736 2262 807 2322 nihil
819 2265 887 2323 satis
898 2263 1014 2324 lirnium
1025 2282 1093 2324 cou-
1103 2267 1143 2328 80

88 2369 112 2410 ιι
122 2352 166 2404 tra
180 2344 326 2406 Metellum
340 2350 430 2422 putat,
447 2362 633 2423 permagnos
647 2345 815 2406 solitudines
830 2363 895 2406 cum
912 2348 1011 2422 paucis
1025 2351 1092 2424 pro-

122 2429 215 2488 fectus
228 2429 361 2506 pervenit
379 2427 416 2488 ad
438 2428 583 2499 Gaetrdos
606 2445 699 2504 genus
714 2429 864 2489 hominum
878 2429 981 2490 lerum
1002 2431 1093 2492 incul-

121 2518 241 2588 tumque
264 2517 293 2572 et
315 2529 349 2571 eo
369 2517 502 2590 tempore
523 2513 656 2587 ignarum
677 2512 948 2576 nominis'llomani.
983 2513 1116 2577 Eornme

121 2594 334 2657 multitudinem
349 2597 378 2654 in
394 2613 486 2654 unum
500 2597 578 2691 cogit
590 2615 624 2656 ac
634 2595 771 2674 paulatim
785 2599 962 2658 consuefacit
976 2599 1092 2658 ordines

122 2678 241 2748 habere,
263 2681 342 2755 signa
359 2679 449 2758 sequi,
464 2681 611 2756 inperium
628 2679 792 2756 ohservape,
808 2682 876 2741 item
890 2681 943 2740 alia
959 2681 1091 2742 militaria

86 2762 229 2828 aolaoere
269 2762 424 2824 Praeterea
445 2765 522 2840 regis
538 2763 646 2824 Bocchi
665 2781 840 2850 proxumos
857 2764 969 2840 magnis
990 2780 1091 2824 mune·
1100 2773 1117 2825 3

121 2845 204 2906 ribus
226 2852 255 2906 et
268 2846 427 2907 maioribus
447 2849 595 2925 promissis
609 2848 644 2907 ad
660 2835 786 2908 studium
797 2849 842 2906 sui
857 2846 1004 2923 perducit,
1030 2847 1093 2924 quis

123 2928 303 2990 adiutoribus
323 2945 423 3005 regem
445 2930 598 3006 adgressus
619 2930 743 3009 inpellit,
773 2931 815 2989 nti
827 2929 968 2990 advorsus
985 2929 1092 2991 Roma·

122 3030 177 3072 nos
198 3011 306 3072 bellum
323 3014 446 3090 incipiat.
491 3013 523 3074 ld
540 3033 573 3075 ea
595 3017 685 3090 gratia
707 3012 817 3080 facilius
838 3015 1015 3092 proniusque
1031 3013 1092 3084 iurt
1102 3028 1120 3076 4

123 3077 214 3175 quod
222 3095 357 3156 Bocchus
376 3098 455 3156 initio
477 3097 596 3158 huiusce
618 3097 685 3158 belli
706 3097 816 3174 legatos
834 3097 953 3158 llornam
976 3100 1094 3158 miserat

86 3181 233 3244 auloedos
247 3186 276 3241 et
298 3179 450 3241 amicitiam
472 3183 607 3258 petitum:
637 3200 723 3259 quam
744 3198 808 3240 reru
831 3183 1117 3258 oportunissumama

123 3265 237 3343 incepto
251 3262 329 3326 bello
345 3266 435 3342 pauci.
445 3265 656 3343 inpediveraut
670 3266 749 3325 caeci
766 3266 893 3333 avaritia,
909 3267 973 3342 quis
987 3266 1092 3334 omnia,

122 3347 241 3408 honesta
265 3355 352 3425 atque
370 3347 536 3418 inhonesta,
558 3347 683 3410 vendere
703 3366 766 3408 mos
788 3356 858 3408 erat.
895 3347 986 3408 Etiam
1009 3354 1117 3410 anteco

122 3430 278 3507 Iugurthae
290 3431 345 3492 ntia
360 3431 478 3492 Boccho
490 3437 638 3510 nupserat.
662 3430 768 3492 Verum
780 3449 812 3492 ea
825 3431 1005 3492 necessitudo
1016 3431 1093 3507 apud

121 3513 261 3574 Numidas
274 3514 453 3599 {Maurosque
474 3517 544 3596 levis
559 3516 683 3583 ducitur,
702 3517 768 3595 quia
783 3514 897 3593 singuli,
919 3532 974 3593 pro
990 3514 1093 3592 opibus

1265 2519 1266 2598 l

1265 2615 1266 2682 l

1263 2801 1266 2866 ι

1245 3361 1266 3454 ι
