2548 3930
188 195 228 260 80
357 215 398 254 nu
417 213 520 256 sunno
544 167 744 256 ¹rvevrururuo
770 211 797 254 o.
817 202 861 258 68·
885 203 928 258 69·
950 203 993 258 lo.

160 366 236 432 esic
254 365 357 426 animis
377 380 480 424 eorum
502 339 640 438 adrectis,
663 361 803 440 equites
795 377 826 420 ru
844 360 939 437 primo
960 359 1033 428 late,
1055 359 1170 438 pedites

136 457 177 518 69
185 467 274 528 quam
296 449 449 522 artissume
476 448 520 506 ire
550 450 579 505 et
599 445 680 520 signa
703 443 851 504 occultare
873 444 961 504 iubet.
1004 442 1170 521 Vaccenses

187 534 238 595 ubi
265 533 399 592 animum
416 526 569 590 advortere
598 528 635 588 ad
656 545 688 587 se
708 545 827 588 vorsum
850 529 1009 589 exercitum
1028 543 1166 605 pergere,

187 620 299 694 primo,
328 617 370 676 uti
348 619 456 675 terat
475 631 537 682 rea,
565 610 713 672 Metellum
734 629 797 672 esse
824 613 881 672 rati
901 617 1001 710 portas
1023 610 1168 681 clausere,

188 700 293 762 deinde
313 699 364 760 ubi
385 716 481 777 neque
506 712 592 773 agros
613 695 719 756 vastari
740 701 770 755 et
791 713 841 778 eos
863 697 913 774 qui
938 696 1026 773 primi
1045 696 1193 756 aderants

186 785 327 846 Numidas
350 785 462 860 equites
476 783 590 850 vident,
561 787 731 840 trursum
752 778 924 855 Iugurtham
945 778 1078 839 arbitrati
1099 797 1171 839 cum

161 885 293 966 pmagno
308 868 415 945 gaudio
431 865 507 926 obvii
522 864 695 941 procedunt.
728 862 848 943 Equites
861 863 1030 942 peditesque
1045 869 1171 940 repente

82 951 90 960 “
187 955 269 1028 signo
295 951 360 1011 dato
379 947 427 1010 alii
444 948 547 1025 volgus
561 949 685 1009 effusum
700 947 807 1044 oppido
823 946 960 1016 caedere,
979 945 1036 1007 alii
1043 947 1077 1006 ad
1095 964 1182 1024 por-

186 1043 230 1094 tas
251 1025 404 1102 festinare,
426 1051 495 1111 pars
513 1033 603 1096 turris
629 1049 750 1111 capere:
775 1032 819 1091 ira
841 1038 927 1111 atque
945 1030 1083 1116 praedae
1099 1048 1172 1110 spes

161 1115 329 1196 templius
328 1135 416 1196 quam
431 1116 569 1178 lassitudo
585 1126 681 1195 posse.
697 1116 739 1176 lta
761 1098 922 1176 Vaccenses
937 1106 1057 1175 biduom
1078 1115 1208 1176 modom

188 1221 223 1263 ex
238 1201 361 1280 perfidia
375 1201 488 1262 laetati:
508 1201 607 1260 civitas
624 1215 730 1275 magna
748 1205 778 1258 et
792 1199 913 1276 opulens
933 1204 1038 1260 cuncta
1054 1216 1172 1276 poenae

159 1294 238 1352 aaut
251 1286 378 1375 praedae
392 1285 455 1344 fuit.
484 1282 641 1360 Turpilius
657 1299 745 1360 quem
759 1282 941 1380 praelectum
958 1282 1058 1361 oppidi
1074 1301 1173 1352 unum

148 1389 223 1436 ex
245 1360 381 1429 omnibus
396 1367 562 1446 profugisse
582 1381 671 1443 supra
685 1372 731 1425 ost
718 1365 874 1434 tendimus,
897 1367 993 1428 ιιιιιιιι
1016 1384 1032 1425 a
1051 1365 1170 1428 Metello

143 1469 321 1514 caussam
338 1451 452 1518 dicere,
472 1455 629 1530 postquam
643 1466 708 1510 sese
729 1466 835 1527 parum
857 1457 1009 1528 expurgat,
1027 1451 1170 1512 condem-

185 1542 271 1598 natus
300 1534 530 1614 verberatusque
553 1535 646 1612 capite
666 1551 776 1611 poenas
795 1533 893 1596 solvit:
919 1533 1032 1614 †nam
1053 1536 1078 1594 ιι
1097 1537 1206 1597 clv181⁵

187 1639 224 1685 ex
238 1620 320 1681 Latio
337 1626 410 1681 erat
819 1651 822 1664 ι

16 1701 18 1704 ’
135 1711 176 1774 70
272 1704 330 1766 Per
353 1704 432 1765 idem
457 1710 574 1782 tempus
594 1702 754 1772 Bomilcar,
783 1704 871 1763 cuius
886 1655 1002 1781 inpulsu
1023 1703 1169 1780 Iugurtha

187 1782 373 1857 deditionem,
394 1806 482 1867 quam
496 1794 576 1848 metu
591 1786 733 1855 deseruit,
753 1786 918 1865 inceperat,
933 1793 1087 1867 suspectus
1102 1790 1171 1864 regi

188 1875 245 1932 et
238 1890 299 1963 ipse
327 1889 395 1938 eum
416 1873 590 1948 suspiciens,
619 1887 708 1930 novas
730 1887 779 1930 res
801 1887 925 1950 cupere,
955 1869 992 1930 ad
1011 1873 1171 1948 pernitiem

160 1957 249 2023 2etus
251 1953 366 2018 dolum
381 1971 533 2032 quaerere,
551 1952 598 2028 die
614 1959 762 2049 noctuque
782 1952 904 2029 fatigare
922 1955 1066 2036 animum:
1083 1954 1171 2016 deni·
1156 1975 1207 2015 -eo

187 2057 244 2117 que
274 2038 371 2099 omnia
396 2035 564 2120 temptando
592 2037 704 2096 socium
736 2034 792 2106 sibi
823 2034 953 2114 adiungit
977 2037 1169 2109 Nabdalsam,

186 2122 335 2183 bominem
348 2119 487 2188 nobilem,
504 2122 616 2195 magnis
631 2118 749 2198 opibus,
767 2137 869 2180 carum
887 2129 1098 2200 acceptumque
1113 2141 1171 2200 po·
1254 2135 1255 2140 ’

186 2205 339 2285 pularibus
360 2206 445 2274 suis„
458 2207 508 2284 qui
522 2204 696 2283 plerumque
712 2221 846 2264 seorsum
865 2204 901 2266 ab
918 2223 989 2284 rege
1005 2208 1171 2268 exercitum

187 2292 307 2352 ductare
329 2296 360 2350 et
381 2290 545 2350 omnisres
572 2289 676 2368 exequi
695 2287 797 2348 sobtus
818 2295 900 2360 erat„
912 2307 987 2370 quae
1007 2290 1171 2366 iugurthae

186 2374 265 2434 tesso
282 2380 333 2434 aut
347 2372 506 2434 maioribus
522 2373 659 2435 adstricto
669 2379 896 2451 superaverant:
917 2392 953 2434 ex
968 2392 1026 2452 quo
1046 2372 1088 2434 illi
1103 2375 1170 2450 glo·
1181 2396 1207 2435 ιι

158 2460 230 2521 tria
244 2474 374 2534 opesque
393 2458 537 2516 inventae
572 2458 663 2535 igitur
679 2458 831 2534 utriusque
846 2457 964 2518 consilio
979 2457 1041 2518 dies
1055 2459 1171 2522 insidiis

187 2541 336 2599 statuitur·
361 2545 468 2608 cetera,
491 2541 533 2600 uti
551 2559 600 2600 res
615 2525 758 2618 posceret,
782 2558 817 2600 ex
842 2547 974 2622 ternpore
987 2542 1087 2618 parari
1104 2542 1170 2619 pla

160 2623 259 2688 acuit:
277 2619 422 2681 Nabdalsa
440 2621 477 2680 ad
493 2625 654 2683 exercitum
668 2623 826 2699 proiectus,
845 2641 932 2701 quem
952 2626 1027 2684 inter
1041 2623 1170 2688 hiberna

99 2729 101 2732 ·
161 2705 410 2767 Romanorum
402 2720 498 2764 iussus
508 2704 652 2774 ·,babebat
667 2723 704 2764 ne
719 2722 789 2780 ager
803 2705 902 2766 inultis
916 2705 1049 2766 hostibus
1070 2717 1169 2772 vasta·

161 2795 297 2854 aretur.
309 2787 337 2848 Is
348 2794 503 2866 postquam
513 2789 711 2866 magnitudine
722 2789 859 2850 facinoris
872 2789 1025 2866 perculsus
1040 2791 1076 2851 ad
1092 2799 1168 2854 tem·
1177 2816 1206 2858 ιι

186 2891 242 2952 pus
262 2890 322 2933 non
343 2873 421 2934 venit
441 2878 594 2950 metusque
612 2891 677 2933 rem
696 2871 872 2954 inpediebat,
893 2873 1055 2944 bomilcar,
1077 2877 1169 2938 simul

187 2956 310 3033 cupidus
330 2959 447 3035 incepta
467 2955 601 3034 patrandi
621 2963 650 3018 et
669 2957 775 3017 timore
793 2960 855 3019 soci
872 2961 983 3029 anxius,
999 2978 1036 3020 ne
1055 2961 1168 3022 omisso

185 3044 284 3098 vetere
305 3041 425 3101 consilio
444 3058 552 3100 novom
572 3046 743 3119 quaereret,
764 3039 876 3104 litteras
896 3044 934 3104 ad
955 3062 1023 3105 eum
1039 3061 1094 3122 per
1109 3043 1168 3106 ho-

185 3123 280 3182 mines
296 3123 390 3184 fidelis
412 3127 512 3194 mittit,
536 3126 567 3184 in
592 3126 664 3203 quis
683 3124 834 3188 mollitiam
859 3128 1081 3206 socordiamque
1109 3130 1168 3190 viri

186 3223 341 3274 accusare,
357 3211 457 3269 testari
472 3209 542 3270 deos
557 3227 611 3288 per
626 3227 699 3288 quos
712 3211 874 3281 iuravisset,
890 3229 1011 3274 monere
1025 3230 1063 3273 ne
1076 3229 1167 3290 prae·
1178 3237 1209 3278 as

185 3291 242 3350 mia
263 3289 391 3368 Metelli'
383 3310 413 3351 ιιι
433 3299 545 3370 pestem
565 3300 764 3355 convorteret.
787 3294 944 3371 iugurthae
972 3297 1090 3358 exitium
1111 3297 1167 3356 ad-

186 3390 266 3434 esse:
296 3381 426 3437 ceterum
453 3393 543 3437 suane
557 3394 600 3438 an
620 3377 727 3440 Metelli
750 3379 855 3440 virtute
879 3381 1001 3456 periret,
1021 3379 1051 3440 id
1073 3380 1167 3440 modo

183 3457 303 3532 agitari:
334 3457 458 3537 proinde
479 3468 630 3537 reputaret
655 3480 722 3526 cum
746 3463 842 3525 animo
872 3479 938 3532 suo,
966 3465 1096 3544 praemia
1123 3482 1166 3524 an
