2548 3930
185 167 245 229 102
370 183 537 234 suasano
560 182 760 228 avorauamo
784 181 813 226 o.
836 173 972 229 102103.

182 339 213 394 te
232 334 368 411 experiri,
390 350 479 400 nune,
499 331 691 410 quandoper
712 330 790 392 illam
803 328 880 399 licet,
895 331 998 390 lesbus
1013 335 1108 410 atque,
1116 333 1163 392 uti

106 436 108 440 ·
143 434 176 485 10
186 418 306 494 caepisti
321 433 421 495 perge.
454 415 543 476 llulta
560 413 675 495 [atque]
692 422 836 493 oportuna
851 414 951 484 hahes,
975 431 1032 492 quo
1047 414 1163 475 facilius

140 519 171 571 11
183 507 278 562 errata
300 501 402 562 officiis
422 515 552 578 superes.
593 498 745 558 Postremo
764 497 820 559 hdo
841 499 871 558 iu
889 504 991 575 peetus
1011 503 1095 558 tuum
1109 498 1162 558 de·

181 585 272 652 mitte,
291 601 450 662 numquam
469 581 609 660 populum
624 581 789 643 Romanum
802 581 943 652 benilioiis
956 581 1064 642 victum
1079 598 1162 642 ease:

181 685 250 728 nam
272 666 349 728 hello
372 667 442 744 quid
461 665 554 726 adeat
573 672 635 726 tute
656 663 730 726 scis*
1169 685 1182 724 s
1260 671 1261 674 ’

142 764 173 815 12
267 751 310 811 Ad
334 769 368 812 ea
387 749 521 810 Booohus
547 748 660 827 placide
683 756 712 808 et
727 747 863 826 benigne,
885 747 971 809 simul
990 765 1083 825 pauca
1103 765 1163 826 pro
1259 751 1261 824 l

183 835 289 898 delicto
304 852 358 896 auo
379 833 469 894 verba
491 832 574 894 lacit:
595 851 626 893 se
646 850 706 892 uon
728 831 825 893 hostili
845 835 950 901 ammo,
973 838 1018 892 set
1034 848 1164 907 reguum

139 934 172 986 13
182 925 325 980 tutantem
346 935 427 977 arum
442 917 567 993 cepisse:
585 933 654 976 nam
669 915 822 978 Numidiae
836 921 959 994 partem,
976 915 1055 976 uude
1071 917 1100 974 ri
1110 913 1163 975 lu·

181 1000 318 1078 gurtham
334 999 486 1078 expederit
509 1001 573 1061 iure
594 998 664 1060 belli
685 1016 767 1060 suam
790 998 908 1060 laetam:
931 1015 996 1058 eam
1016 999 1123 1059 vastari
1145 1017 1163 1059 a

141 1095 174 1146 14
184 1083 275 1144 Mario
288 1085 349 1162 pati
362 1085 545 1162 nequivisse:
567 1088 720 1162 praeterea
733 1083 828 1144 missis
842 1089 926 1143 autea
940 1081 1065 1142 Romam
1079 1079 1162 1157 lega·
1172 1101 1198 1143 ao

181 1170 219 1228 tis
231 1166 384 1246 repulsum
400 1167 437 1227 ab
453 1167 591 1227 amicitia:
616 1171 746 1226 ceterum
760 1172 859 1227 vetera
874 1167 1017 1233 omittere,
1037 1183 1072 1224 ac
1085 1169 1162 1235 tum,

140 1253 208 1315 lesi
221 1269 276 1330 per
291 1251 414 1312 Marium
426 1250 542 1318 liceret
564 1250 674 1324 legatos
689 1249 726 1308 ad
740 1254 874 1309 senatum
889 1250 1056 1309 missurum.
1086 1247 1161 1308 Dein

184 1337 266 1412 eopia
280 1335 355 1395 lacta
371 1335 484 1394 animus
500 1331 619 1393 barbari
635 1331 672 1390 ah
691 1330 791 1390 amicis
803 1331 906 1401 flexus,
928 1349 1003 1409 quoa
1017 1331 1161 1408 Iugurtha

184 1419 298 1494 cognita
320 1416 465 1492 legatione
488 1414 584 1476 Sullae
602 1420 632 1474 et
652 1413 748 1483 Manli,
771 1422 905 1524 metuens
922 1415 952 1476 id
974 1415 1052 1548 quod
1072 1432 1160 1492 para-

181 1499 285 1569 batur,
306 1501 389 1560 donis
404 1505 590 1577 conruperat
1172 1517 1196 1558 aa

133 1583 192 1647 103
266 1583 375 1645 illarius
392 1584 504 1644 interea
520 1583 676 1660 exercitu
668 1599 698 1642 an
714 1579 911 1643 hibernaculis
926 1583 1076 1661 conposito
1090 1599 1162 1642 cum

183 1667 324 1746 expeditis
346 1666 516 1728 cohortibus
534 1673 562 1726 et
575 1651 659 1764 parte
679 1667 823 1744 equitatus
837 1665 1058 1742 proficiscitur'
1050 1682 1082 1724 an
1095 1664 1163 1725 loca

181 1749 243 1812 sola
258 1751 411 1812 obsessum
427 1751 533 1810 turrim
543 1751 670 1827 regiam,
685 1767 743 1828 quo
753 1748 899 1825 ⁴Iugurtha
912 1747 1051 1826 perfugas
1065 1749 1162 1808 omnis

180 1834 358 1912 praesidium
371 1835 548 1912 inposuerat.

156 1934 173 1982 2
188 1953 193 1962 ·
266 1917 342 1977 'lum
357 1933 460 1976 rursus
475 1915 611 1976 bocchus
625 1915 761 1985 flectitur,
778 1932 831 1976 seu
841 1914 1004 1994 reputando
1020 1933 1094 1994 quae
1105 1913 1163 1976 sibi
1172 1935 1198 1978 ao

182 1998 298 2060 dnobus
319 1999 437 2077 proeliis
456 2005 612 2068 venerant,
641 2016 693 2060 seu
722 1998 886 2059 admonitus
907 1997 944 2058 ab
966 1997 1027 2059 aliis
1049 2000 1160 2067 amicis,

182 2100 257 2161 quos
272 2085 462 2160 inconruptos
475 2081 617 2158 Iugurtha
627 2080 795 2160 reliquerat
817 2082 916 2155 saon
930 2100 966 2142 ex
983 2084 1062 2142 omni
1077 2083 1163 2160 copia

182 2169 415 2228 necessariorum
437 2167 565 2246 quinque
582 2165 704 2242 delegit,
724 2182 850 2243 quorum
869 2171 898 2224 et
910 2165 983 2228 tides
1001 2167 1116 2242 cognita
1132 2171 1164 2225 et

156 2251 298 2326 tingenia
320 2249 503 2312 validissuma
533 2255 630 2310 orant:
660 2266 711 2310 eos
732 2248 769 2310 ad
789 2248 913 2310 Marium
932 2267 967 2308 ac
987 2249 1105 2318 deinde,
1137 2249 1163 2308 si

181 2333 308 2411 placeat,
336 2332 460 2394 Romam
487 2333 598 2408 legatos
619 2334 663 2394 ire
685 2331 781 2394 iubet:
808 2331 986 2408 agendarum
1008 2337 1199 2394 remmota

182 2413 367 2494 quocumque
380 2415 466 2476 modo
478 2415 547 2478 belli
561 2415 746 2494 conponendi
758 2413 903 2476 licentiam
916 2413 998 2494 [illia]
1010 2417 1161 2492 permittit.

155 2497 225 2558 alli
248 2505 362 2560 mature
384 2498 421 2559 ad
440 2497 564 2560 hiberna
578 2499 781 2560 Rornanorum
801 2498 1162 2575 proficiscuntundeinde

182 2579 227 2659 [in
240 2579 358 2658 itinere]
373 2599 390 2640 a
404 2580 533 2641 Gaetulis
546 2580 709 2642 latronibus
723 2583 911 2645 nucumventi
925 2581 1096 2660 spoliatique
1109 2600 1162 2660 pa·

181 2663 239 2724 vidi
255 2664 317 2724 sine
332 2661 440 2724 decore
454 2663 492 2722 ad
509 2662 618 2723 Sullam
632 2664 815 2741 perfugiunt,
840 2681 928 2740 quern
948 2664 1049 2726 consul
1063 2667 1094 2726 in
1109 2683 1160 2726 ex·

155 2747 359 2825 opeditiouem
385 2745 573 2824 proficiscens
594 2762 650 2823 pro
674 2753 810 2823 praetore
831 2745 999 2824 reliquerat.
1033 2748 1091 2808 Eos
1110 2748 1198 2812 illeao

182 2849 243 2892 nou
264 2849 319 2910 pro
340 2831 422 2894 vanis
442 2828 590 2897 hostibus,
608 2830 652 2889 uti
668 2829 765 2889 meriti
786 2834 884 2896 eram.
904 2836 949 2890 set
969 2837 1105 2892 accurate
1126 2849 1162 2894 ao
1256 2851 1258 2872 ·

181 2912 341 2974 liberaliter
366 2913 482 2976 habuit:
512 2929 570 2990 qua
590 2930 624 2972 re
645 2910 765 2974 barbari
785 2917 815 2972 at
835 2912 943 2974 lamam
959 2913 1162 2978 Romanorum
1257 2911 1258 2914 ’

182 2997 319 3056 avaritiae
333 2996 434 3058 salsam
449 3001 478 3057 et
493 2994 604 3058 Sullana
617 2995 655 3057 oh
670 2996 897 3057 munificentiam
909 2997 939 3056 in
953 3014 1018 3058 sese
1033 2999 1161 3059 amicum

155 3080 246 3142 orati.
267 3078 361 3140 ¹Nam
382 3081 532 3140 etiamtum
561 3078 687 3156 largitio,
701 3078 799 3141 multis
818 3080 951 3156 ignorata
973 3085 1050 3140 erat:
1071 3099 1161 3142 nemo
1257 3099 1258 3126 r

181 3161 337 3223 munificus
351 3161 517 3239 putabatur,
532 3163 588 3224 nisi
601 3163 710 3240 pariter
729 3160 839 3232 volans,
862 3163 938 3223 dona
952 3165 1049 3224 omnia
1063 3165 1093 3224 in
1106 3163 1160 3226 be·
1169 3184 1198 3228 aa

156 3247 321 3322 anignitato
337 3243 532 3306 habebantur.
562 3245 653 3320 Igitur
671 3246 820 3324 quaestori
831 3245 967 3310 mandata
986 3245 1160 3324 Bocchipa·

184 3327 340 3388 telaeiunt:
363 3325 449 3389 simul
467 3327 504 3386 ab
520 3346 556 3390 eo
573 3334 691 3405 petunt,
706 3329 747 3388 uti
763 3327 859 3388 lautor
877 3328 1083 3406 consultorque
1103 3329 1161 3392 sihi
1256 3329 1257 3332 ’

13 3477 14 3494 ¹
185 3409 274 3471 adsit:
297 3409 405 3488 copias,
427 3408 524 3480 tidem,
545 3411 775 3488 magnitudinem
795 3412 874 3490 regis
895 3410 939 3472 sui
957 3416 986 3470 et
1003 3410 1160 3494 relinquas

13 3525 14 3566 l

13 3589 14 3633 l
