2548 3930
285 205 327 246 nu
350 207 451 248 eunuc
475 207 675 250 6666666666
700 209 725 250 6.
749 200 790 254 36.
811 199 854 254 37
880 201 922 254 68.
1049 189 1086 250 61

90 402 106 412 .....
76 346 247 436 abaque
262 371 338 442 quae
352 353 490 415 militibus
499 372 566 415 usur
557 301 689 424 forent,
705 358 849 418 metuunt
841 374 871 416 m
881 357 1006 418 tineam
1021 373 1090 434 por·
1185 382 1192 395 ·

15 433 16 440 '
89 443 202 496 tare
219 436 253 496 a'c
267 429 383 496 statim'
375 455 438 515 ipse
452 438 616 535 6661666666,
639 441 690 498 661
697 446 763 499 ante
782 441 909 508 comitia,
925 440 1004 538 quod
1017 447 1090 500 tem·

119 538 174 598 pus
188 504 260 580 haut
273 519 359 598 longe
376 519 491 589 aberat,
506 523 595 580 armis
609 528 658 582 aut
672 522 815 583 deditione
830 528 880 582 aut
890 525 989 620 quovis
1003 522 1091 583 modo

19 637 27 654 ·
120 602 230 664 bellum
244 603 410 664 6661166666
432 604 468 664 nt
477 610 578 664 contra
591 604 731 682 Iugurtha
745 606 967 668 trahereomnia
982 613 1010 666 et
1020 605 1115 666 611662

121 687 226 748 deiude
240 679 309 746 alias
331 703 431 748 morae
452 705 568 749 caussas
585 688 691 758 faeere,
711 689 1038 766 pollicerideditionem
1056 707 1091 748 ac
1169 695 1171 704 ’

120 770 225 831 661666
238 776 348 830 metum
362 771 507 840 simulare,
524 773 628 832 cedere
637 774 754 832 instanti
769 777 797 832 et
816 772 902 850 paulo
916 779 982 850 post
996 790 1033 832 ne
1042 774 1092 831 'sui

120 853 285 914 diffiderent
303 855 425 915 instare:
446 857 484 915 ita
504 854 573 915 belli
590 855 678 915 modo
693 857 781 916 modo
795 857 875 934 pacis
888 873 971 915 mora
986 871 1090 916 consu·

119 936 178 997 lern
197 936 347 997 ludificari.
390 938 432 998 Ac
455 939 538 998 suere
561 941 692 1016 quitum
714 939 851 1000 Albinum
870 938 941 1000 haut
953 940 1116 1016 ignarum3

121 1019 222 1080 consili
236 1023 313 1098 regis
330 1023 539 1082 existumarent
559 1039 654 1100 neque
676 1040 712 1083 ex
733 1028 810 1082 tanta
832 1024 1019 1099 properantia
1031 1027 1092 1082 tam

120 1103 202 1177 facile
216 1111 341 1189 tractum
358 1097 466 1166 bellum
485 1097 618 1165 socdrdia
639 1107 731 1182 magis
746 1123 832 1183 quam
846 1104 913 1164 dolo
928 1095 1090 1166 crederent.

121 1187 170 1248 Set
190 1195 346 1266 postquam
361 1187 472 1286 6116666
488 1195 620 1267 tempore
636 1191 819 1265 comitiorum
834 1189 894 1248 dies
912 1187 1115 1256 adventabat„
1164 1236 1171 1241 .

119 1269 240 1332 Albinus
254 1271 327 1331 Aulo
343 1271 461 1338 tratre
453 1290 482 1332 m
499 1275 601 1332 castris
621 1290 676 1350 pro
698 1257 834 1351 praetore
855 1271 956 1332 relicto
969 1270 1092 1332 Romam

119 1354 251 1416 decessit.

202 1438 244 1497 Ea
256 1444 428 1515 tempestate
441 1437 552 1500 Romae
570 1433 759 1500 seditionibus
774 1438 937 1500 tribuniciis
955 1439 1091 1498 atrociter
1101 1436 1141 1498 37

46 1537 110 1586 15
119 1538 167 1580 res
182 1521 298 1598 publica
319 1520 490 1598 agitabatur.
528 1521 562 1581 P
579 1522 719 1582 Lucullus
738 1522 814 1581 661..
835 1522 961 1590 Annius,
983 1520 1118 1582 triburia

36 1602 224 1682 plebei
244 1602 447 1665 resistentibus
468 1603 596 1682 conlegis
618 1607 787 1665 continuare
802 1607 1002 1681 magistratum
1018 1605 1091 1672 nite·

51 1745 59 1769 .
118 1688 240 1756 bantur,
264 1707 338 1766 quae
357 1687 497 1747 dissensio
517 1688 606 1748 tutius
622 1689 691 1747 anni
708 1688 822 1748 comitia
841 1686 1014 1784 inpediebat.
1050 1685 1115 1747 1166

119 1789 201 1830 mora
211 1773 241 1830 in
255 1789 338 1848 spem
353 1770 495 1833 adductus
509 1769 607 1840 dulus,
623 1789 710 1854 quem
723 1789 778 1848 pro
791 1772 954 1849 praetore
946 1787 976 1831 rn
991 1771 1092 1830 castris

35 1863 52 1933 12}ss
119 1854 252 1915 relictum
274 1867 362 1932 supra
384 1854 523 1923 diximus,
554 1861 604 1916 aut
624 1849 797 1915 conficiundi
818 1853 887 1914 belli
907 1860 965 1916 666
978 1861 1092 1914 terrore
1138 1891 1139 1898 .

36 1939 263 2018 aoexercrtus
274 1937 310 1999 ab
326 1956 396 2016 rege
411 1940 552 2018 pecuniae
570 1938 742 2017 capiundae,
756 1939 868 1999 milites
874 1956 974 1999 666666
989 1936 1092 1998 lanua-
1193 2005 1196 2008 ,

118 2023 163 2083 616
179 2040 215 2082 ex
226 2022 379 2084 hibernis
370 2040 401 2082 m
416 2023 628 2100 expeditionem
640 2029 748 2090 evocat,
759 2024 930 2100 magnisque
941 2021 1092 2082 itineribus

118 2106 214 2172 hieme
231 2123 334 2185 aspera
347 2109 480 2184 66666616
501 2107 538 2168 66
546 2107 693 2192 oppidum
712 2105 826 2176 Suthul,
848 2104 899 2165 ubi
915 2107 994 2182 regis
1008 2105 1092 2164 then·

118 2191 198 2249 sauri
213 2196 306 2248 erant.
337 2187 421 2258 Quod
437 2207 612 2285 quamquam
628 2195 657 2248 et
671 2190 785 2248 saevitia
800 2188 942 2266 temporis
960 2193 988 2246 et
1005 2200 1118 2282 opor-4
1179 2229 1183 2240 -

116 2274 240 2331 tunitate
255 2270 312 2331 loci
326 2289 423 2348 neque
440 2273 505 2368 oapi
517 2289 613 2349 neque
629 2270 756 2332 obsideri
769 2275 935 2346 poterat-
952 2287 1021 2330 nam
1036 2269 1092 2328 cir·

120 2373 187 2415 cum
202 2372 335 2422 murum,
360 2355 472 2413 situm
464 2370 494 2413 m
514 2355 665 2430 praerupti
682 2354 945 2424 montisqextremo,
961 2351 1093 2428 planities

118 2438 221 2498 limosa
242 2436 437 2498 hiemantibus
459 2438 540 2532 aquis
561 2435 697 2514 paludem
719 2433 829 2496 iecerat
849 2469 901 2504 -,
925 2443 1021 2495 tamen
1043 2441 1093 2502 666

119 2520 274 2582 simulandi
288 2522 380 2604 gratia
399 2538 456 2599 quo
471 2519 533 2596 regi
548 2519 732 2580 formidinem
746 2519 880 2588 adderet,
895 2526 945 2581 aut
959 2519 1092 2597 cupidine

120 2623 225 2666 caecus
218 2599 274 2666 ob
285 2601 461 2666 thensauros
475 2603 572 2681 oppidi
582 2603 723 2680 66616661,
739 2605 836 2664 vineas
849 2619 937 2688 agere
955 2618 1093 2680 aggerem

118 2692 215 2750 iacere
230 2689 342 2768 aliaque
353 2707 428 2768 quae
441 2689 557 2765 incepto
567 2686 740 2747 6666166666
752 2705 922 2764 properare.
942 2687 979 2746 dt
988 2687 1094 2762 lugur-
1102 2693 1142 2757 38

118 2773 169 2832 tha
184 2774 299 2848 cognita
313 2775 437 2834 vanitate
454 2777 540 2850 atque
553 2771 686 2847 inperitia
699 2769 787 2854 legati
804 2770 943 2832 subdolus
964 2771 1092 2830 616666-

119 2873 191 2932 gere
209 2858 380 2925 amentiam,
406 2856 549 2916 missitare
570 2843 758 2930 subplicantis
780 2855 905 2930 legatos,
927 2856 989 2930 ipse
1012 2851 1094 2930 quasi

60 2959 86 3020 ,
120 2937 293 2999 vitabundus
312 2957 366 3016 per
381 2939 507 3000 saltuosa
522 2938 586 2997 loca
600 2942 629 2997 et
637 2939 767 3000 tramites
786 2939 945 2998 exercitum
963 2937 1091 2996 ductare.

118 3023 251 3099 Denique
268 3023 373 3083 Aulum
392 3039 444 3100 spe
460 3023 601 3099 pactionis
614 3020 741 3100 perpulit
755 3022 798 3081 uti
811 3018 912 3080 relicto
927 3017 1070 3086 Suthule
1061 3033 1118 3086 666

69 3097 90 3115 ”
80 3107 232 3181 ,6161666
253 3107 388 3181 regiones
403 3123 468 3166 sese
483 3103 570 3166 veluti
589 3103 741 3166 cedentem
754 3106 957 3182 insequeretur
972 3103 1024 3184 [ita
1040 3101 1091 3162 de·

72 3191 187 3250 heta
210 3189 368 3249 occultiora
389 3187 500 3269 16666]
538 3187 652 3249 Interea
673 3203 727 3266 per
748 3187 880 3248 homines
903 3187 1021 3249 callidos
1041 3183 1140 3256 diua

75 3274 268 3357 noctuque
290 3274 450 3334 exereitum
466 3271 640 3350 temptabat,
663 3273 848 3332 centuriones
853 3271 1015 3368 ducesque
1029 3274 1091 3326 tur·

83 3364 236 3424 otmarum
251 3359 355 3435 partim
370 3359 412 3417 uti
427 3355 642 3433 transfugerent
653 3371 854 3432 conrumpere,
870 3353 917 3414 alii
931 3357 1013 3430 signo
1024 3351 1091 3410 dato

84 3431 220 3512 locum
234 3445 275 3502 uti
291 3441 468 3502 desererent.
504 3439 583 3510 Quae
597 3445 750 3572 postqqam
765 3455 801 3500 ex
813 3439 954 3556 sententia
965 3434 1088 3500 instruit,
1098 3451 1115 3500 4
