2548 3930
358 215 400 255 nn
422 213 524 256 sunno
547 209 837 264 mammonas.
1043 205 1101 266 57·

113 361 188 437 pisse
198 376 303 436 parurn
314 358 453 427 habuere,
467 361 563 440 itaque
578 367 726 439 postremo
739 365 820 442 leges
833 368 967 428 maiestas
977 377 1082 440 vostra,

113 443 207 512 divina
225 449 254 503 et
272 443 398 504 bumana
412 445 508 504 omnia
525 445 658 506 hostibus
672 449 777 509 tradita
793 457 868 510 sunt.
902 449 1003 530 Neque
1022 471 1081 525 eos,
1094 456 1128 508 10

112 528 206 604 quiea
220 525 326 594 iecere,
339 526 429 604 pudet
442 533 491 586 aut
500 530 635 606 paenitet,
650 537 694 592 set
706 532 845 593 incedunt
853 551 907 611 per
921 553 973 596 ora
986 547 1083 598 vostra
1222 595 1224 606 ,

30 601 36 620 ’
112 611 271 686 magnifici,
300 609 460 671 sacerdotia
483 618 512 672 et
534 612 712 686 consulatus,
740 633 810 692 pars
829 619 993 695 triumphos
1016 639 1084 682 suos
1145 617 1156 634 ⁴

91 699 301 754 sustentantes:
318 694 440 770 proinde
457 698 540 772 quasi
555 713 589 755 ea
602 697 716 767 honori,
735 716 795 759 non
810 701 934 778 praedas
948 701 1083 764 habeant.

70 785 71 788 ’
112 777 275 838 Serviaere
290 779 382 854 parati
393 779 497 838 iniusta
510 781 622 855 inperia
637 779 822 845 dominorum
839 801 898 843 non
913 787 1082 861 perierunt:
1093 791 1137 842 11=

110 877 175 929 vos,
192 861 330 932 Quirites,
346 862 375 920 in
389 863 503 940 inperio
518 864 591 931 nati,
609 882 703 942 aequo
718 867 815 926 animo
829 857 997 930 servitutem
1013 870 1084 930 tole·

87 939 198 1004 'ratist
477 995 481 1004 .
617 1004 619 1012 ,

196 1028 231 1087 lt
243 1032 292 1108 qni
306 1034 374 1090 sunt
390 1031 417 1088 ei
430 1031 480 1106 qui
493 1047 557 1089 rem
571 1030 718 1107 publicam
728 1035 926 1111 occupavere?
944 1035 1083 1098 Homines
1095 1043 1127 1094 12
1148 1057 1150 1065 ·

78 1133 103 1172 ro
112 1113 343 1182 sceleratissumi,
358 1115 485 1172 cruentis
499 1113 649 1184 manibus,
675 1118 784 1176 inmani
798 1119 924 1186 avaritia,
937 1122 1089 1185 nocentis·¹
1174 1117 1176 1126 ’

112 1199 185 1258 sumi
197 1203 226 1258 et
236 1198 331 1270 eidem
344 1195 568 1275 superbissumi,
591 1199 697 1277 quibus
711 1200 783 1260 tides
794 1200 884 1261 decus
899 1202 991 1280 pietas
1004 1209 1084 1278 post-

111 1299 192 1341 remo
213 1280 336 1343 honesta
357 1280 614 1359 atqueiuhonesta
631 1284 727 1342 omnia
744 1285 876 1361 quaestui
895 1290 971 1344 sunt.
993 1285 1085 1367 ,Pars
1095 1291 1128 1344 13
1153 1311 1158 1324 ¹
1182 1329 1183 1334 η

111 1383 213 1434 eorum
233 1365 374 1426 occidisse
395 1363 529 1426 tribunos
546 1364 655 1443 plebei,
680 1367 727 1428 alii
749 1368 934 1445 quaestiones
955 1369 1083 1438 iniustas,
1136 1387 1142 1400 ·

111 1447 242 1526 plerique
262 1448 380 1508 caedem
395 1449 424 1507 in
439 1466 490 1514 vos
507 1449 611 1510 iecisse
625 1467 679 1526 pro
694 1453 874 1512 munimento
892 1451 1009 1513 habent.
1041 1452 1084 1512 Ita
1094 1463 1127 1513 14

76 1549 101 1590 rs
112 1549 198 1611 quarn
213 1533 335 1611 quisque
347 1547 483 1607 pessume
496 1530 573 1598 lecit,
584 1539 644 1592 tarn
656 1548 791 1594 maxume
804 1539 882 1594 tutus
901 1541 959 1594 est:
974 1523 1085 1596 nictum

111 1615 147 1676 ab
161 1614 272 1676 scelere
285 1632 338 1675 suo
353 1615 390 1673 ad
406 1615 549 1690 ignaviam
562 1621 689 1674 vostram
703 1615 893 1676 transtulere:
907 1635 979 1695 quos
991 1621 1085 1678 omnis

111 1700 213 1759 eadem
240 1700 363 1775 cupere,
386 1697 487 1757 eadem
517 1698 611 1757 odisse
634 1696 750 1776 [eadem
776 1697 922 1778 metuere]
943 1701 1085 1760 inunum

111 1783 215 1858 coegit.
237 1780 288 1842 Set
301 1781 373 1841 haec
387 1782 467 1841 inter
477 1779 571 1840 bonos
587 1782 720 1850 amicitia,
736 1783 813 1842 inter
823 1781 914 1842 malos
931 1783 1017 1842 factio
1030 1791 1080 1843 est.
1095 1791 1128 1844 15

112 1865 196 1937 Quod
224 1867 248 1926 si
268 1872 328 1925 tam
347 1881 399 1925 vos
419 1879 519 1925 curam
539 1863 679 1925 libertatis
700 1862 855 1935 haberetis,
880 1884 969 1944 quam
990 1866 1031 1927 illi
1049 1867 1128 1928 adlo

76 1971 101 2011 ro
111 1949 339 2038 dominationem
360 1948 477 2010 aduensi
499 1954 581 2017 sunt,
609 1949 743 2028 prolecto
765 1967 862 2028 neque
887 1967 936 2010 res
958 1950 1084 2028 publica,

110 2034 195 2094 sicuti
216 2051 303 2103 nunc,
326 2038 496 2100 vastaretur,
516 2038 545 2092 et
564 2031 699 2094 benificia
715 2039 811 2093 vostra
827 2051 918 2110 penes
939 2042 1084 2112 optumos,

110 2134 170 2176 nou
192 2118 408 2188 audacissumos
428 2117 534 2178 lorent.
576 2115 701 2176 Maiores
720 2118 811 2176 vostri
829 2116 951 2192 parandi
971 2119 1043 2177 iuris
1057 2125 1137 2198 ectr

110 2202 265 2260 maiestatis
285 2199 501 2260 constituendae
523 2200 615 2274 gratia
635 2198 681 2257 bis
699 2215 752 2275 per
766 2200 962 2278 secessionem
983 2201 1086 2258 armati

110 2282 283 2342 Aventinum
297 2299 485 2358 occupavere,
502 2299 553 2339 ros
566 2298 621 2357 pro
633 2279 783 2356 libertate,
807 2275 893 2357 quain
914 2279 950 2338 ab
968 2280 1023 2340 illis
1038 2299 1085 2341 ao-

74 2389 100 2428 re
112 2367 243 2442 cepistis,
263 2381 361 2424 nonne
384 2382 496 2423 summa
514 2381 569 2440 ope
589 2363 741 2433 nitemini?
762 2369 848 2440 atque
871 2380 908 2422 eo
927 2362 1085 2424 vehemen-

111 2451 178 2517 tius,
201 2467 259 2526 quo
280 2449 372 2507 maius
391 2448 518 2507 dedecus
532 2451 580 2510 ,est
599 2452 687 2524 parta
704 2445 845 2518 amittere,
864 2463 951 2523 mam
966 2449 1087 2508 omnino

53 2563 55 2568 ·
110 2549 172 2592 non
193 2533 348 2609 paravisse.
907 2551 910 2564 ·
1033 2561 1034 2564 ¹

195 2615 278 2676 Dicet
288 2614 406 2693 aliquis:
421 2614 496 2685 Quid
512 2614 600 2690 igitur
617 2613 736 2674 censes?
756 2612 967 2674 Vindicandum
980 2615 1010 2674 in
1024 2631 1083 2684 eos,
1094 2629 1129 2680 18

111 2702 162 2779 qui
176 2699 253 2760 bosti
267 2698 424 2778 prodidere
444 2695 697 2774 rempublicam?
739 2697 804 2758 Non
821 2689 910 2757 manu
930 2713 1026 2776 neque
1047 2699 1085 2765 vi,

73 2803 101 2844 eo
110 2784 190 2862 quod
211 2785 303 2859 magis
322 2781 404 2843 robis
420 2782 523 2842 iecisse
545 2798 631 2859 quem
645 2779 699 2840 illis
714 2779 853 2841 accidisse
867 2779 1021 2854 indignum
1033 2785 1085 2848 est,

110 2883 214 2926 verum
236 2865 452 2943 quaestionibus
475 2871 508 2924 'et
534 2865 640 2925 indicio
668 2865 757 2940 ipsius
777 2861 945 2939 iugurthae.
988 2861 1129 2932 Quium

111 2949 263 3012 dediticius
284 2955 342 3017 est,
364 2943 497 3026 prolecto
511 2949 596 3007 iussis
610 2950 714 3007 vostris
733 2947 891 3006 oboediens
906 2945 969 3012 erit,
992 2945 1037 3004 sin
1052 2961 1086 3006 ea

112 3038 289 3101 contemnet,
311 3031 421 3092 seilicet
436 3031 652 3100 existumabitis,
674 3029 766 3110 qualis
779 3028 827 3088 illa
839 3045 897 3104 pax
911 3033 960 3087 ant
980 3028 1087 3089 deditio
1108 3098 1110 3104 s

66 3183 67 3190 p
111 3120 163 3186 sit,
187 3133 223 3176 ex
245 3133 301 3195 qua
323 3116 360 3176 ad
380 3113 551 3190 lugrntlram
571 3115 716 3176 scelerum
737 3111 897 3190 inpunitas,
920 3111 956 3172 ad
977 3129 1087 3190 pancos

73 3202 239 3279 repetentis
259 3215 412 3260 maxumae
432 3200 561 3267 divitiae,
583 3199 697 3259 adrem
711 3194 859 3274 publicam
874 3194 978 3255 damna
999 3201 1086 3272 atque

27 3315 33 3326 ·
112 3285 257 3344 dedecora
278 3284 473 3362 pervenerint.
504 3282 565 3342 Nisi
579 3282 655 3342 forte
673 3269 804 3340 nondum
824 3280 910 3368 otiam
929 3295 980 3337 vos
994 3277 1129 3342 domi-20

111 3369 237 3428 nationis
250 3385 353 3430 eorum
364 3369 480 3427 satietas
495 3370 575 3426 tenet
589 3373 618 3426 et
631 3364 678 3424 illa
693 3381 781 3442 quam
794 3362 867 3424 haec
880 3361 1013 3436 tempora
1026 3376 1087 3419 ma·

110 3452 160 3548 'gis
173 3449 301 3528 placent,
325 3469 393 3513 cum
406 3466 498 3527 regna
512 3450 687 3529 provinciae,
705 3446 784 3524 leges
798 3448 863 3506 iura
882 3442 995 3512 iudicia,
1013 3441 1088 3503 bella
