2536 3936
171 189 174 201 ⁴
220 221 263 261 nn
288 219 461 261 1111111111
487 219 728 262 comvnamoun
754 220 781 262 c.
813 211 864 264 aa·
887 213 934 266 38.
956 213 997 267 39.
1037 195 1088 271 111

102 385 155 428 nus
173 368 260 428 domo
280 367 443 445 expulerat,
467 369 494 428 ei
509 366 632 427 Romam
654 369 730 427 sicut
747 369 777 428 in
800 370 941 431 sentinam
961 370 1072 432 corallu-

102 457 214 512 xerant:
234 452 339 511 deinde
355 450 439 510 multi
452 436 598 512 membres
615 450 749 510 Sullanae
768 453 918 521 victoriae,
942 449 1098 536 quoderat
1129 457 1150 528 ῐῑ

102 535 239 612 gregariis
255 532 396 594 militibus
407 533 478 594 alios
499 539 647 594 senatores
661 534 809 602 videbant,
831 534 902 594 alios
916 538 957 599 ita
972 537 1075 598 divites

101 626 132 678 ut
147 619 228 694 regio
243 609 320 676 victu
336 623 423 694 atque
436 616 515 678 cultu
533 623 655 677 aetatem
671 624 806 693 agerent,
828 618 882 677 sibi
896 621 1027 697 quisque
1049 622 1076 680 si
1120 679 1122 686 ,
1202 649 1205 659 ν

80 704 130 760 ain
146 702 234 760 armis
256 699 341 769 toret,
360 718 396 760 ex
409 701 526 760 victoria
541 699 608 760 talia
624 700 779 776 sperabat:
801 709 953 778 praeterea
973 705 1100 763 iuven-7

100 792 162 852 tus,
186 785 311 862 quaein
331 786 409 860 agris
429 802 569 845 manuum
589 785 725 844 mercede
746 787 873 861 inopiam
891 782 1073 856 animaverat,

101 867 326 944 privatis-atque
348 866 473 946 publicis
492 866 692 944 largitionibus
707 869 799 928 exeita
815 868 961 928 urbanum
983 871 1076 929 otium

101 953 213 1025 ingrato
235 949 329 1011 labori
349 949 535 1026 praetulerat.
578 951 636 1010 Eos
655 957 740 1029 atque
761 949 832 1010 eboc
852 954 951 1011 omnis
965 952 1101 1012 1111111118

101 1033 248 1110 publicum
263 1031 370 1094 alebat:
387 1052 444 1112 quo
458 1035 554 1094 minus
569 1035 734 1094 mirandum
748 1040 795 1093 est
804 1029 938 1094 homiues
953 1037 1075 1112 egentis,
1126 1082 1134 1096 2

67 1133 92 1198 qo
101 1115 180 1176 malis
198 1116 329 1177 moribus
342 1135 477 1180 maxuma
492 1135 560 1196 spe,
583 1119 627 1177 rei
641 1116 775 1194 publicae
789 1119 868 1177 innta
883 1136 920 1177 oc
934 1118 990 1178 n'bi
1005 1136 1074 1178 con·

100 1199 230 1260 suluisse.
265 1199 426 1260 -Praeterea
449 1219 573 1278 quorum
589 1203 711 1272 victoria
733 1199 829 1280 Sullae
847 1208 984 1278 parentes
1005 1204 1101 1278 pro-9

100 1285 207 1361 scripti,
223 1283 301 1344 bona
315 1279 413 1362 erepta
432 1286 477 1344 ius
490 1284 631 1346 libertatis
644 1286 818 1344 inroimrtunr
833 1291 906 1353 erat,
920 1284 991 1344 baut
1005 1301 1075 1345 saue
1127 1263 1156 1339 l‘

100 1365 154 1427 alio
172 1369 268 1428 animo
290 1367 359 1428 belli
374 1375 507 1428 eventum
529 1367 727 1447 expectabant.
758 1367 802 1428 td
820 1367 878 1427 hoc
896 1370 1116 1446 qudcumquelo

100 1451 221 1510 aliarum
236 1458 322 1528 atque
334 1457 452 1511 senatus
467 1454 594 1528 partium
610 1459 704 1520 erant„
716 1451 889 1518 corumbari:
901 1469 968 1511 rem
978 1451 1075 1529 publb

66 1555 91 1594 rs
100 1551 163 1593 carn
171 1553 172 1558 ¹
180 1546 267 1612 quam
280 1537 376 1594 minus
392 1533 489 1594 valere
500 1535 555 1611 ipsi
567 1532 721 1594 malebant.
742 1535 776 1594 ld
789 1534 863 1594 adeo
875 1533 984 1594 mlum
998 1535 1115 1595 mul-11
1128 1554 1130 1572 ·

99 1625 145 1676 tos
157 1626 228 1694 post
245 1635 336 1677 annos
352 1619 382 1676 iu
397 1617 541 1676 civitatem
554 1623 725 1676 reverterat
758 1615 835 1675 Nam
850 1623 1005 1693 postquam
1020 1619 1124 1685 111138
1218 1639 1221 1654 ‘

97 1702 238 1776 ,Pompeio
254 1698 311 1778 [et]
324 1699 362 1758 ll.
379 1697 482 1758 Crasso
498 1697 666 1758 consulibus
680 1697 977 1774 trdvunicia-potestas
990 1701 1075 1770 reed-
1225 1696 1229 1705 '

99 1789 161 1844 tuta
175 1786 235 1851 est,
259 1782 392 1842 homines
408 1780 607 1842 adulescentes
622 1799 766 1870 summanr
780 1787 956 1858 potestatem
968 1782 1077 1849 moen,

105 1865 210 1945 quibus
224 1873 302 1926 aetas
316 1866 486 1944 animusque
502 1866 585 1926 ieron
601 1864 674 1936 e'rat,
688 1883 812 1944 coepere
831 1871 963 1925 11111111
979 1866 1075 1924 erimi-
1113 1883 1114 1895 ¹

64 1975 90 2014 20
99 1950 197 2009 nando
214 1949 330 2027 plebem
349 1951 510 2026 exagitare,
530 1950 599 2010 ‘dein
613 1950 769 2027 largiundo
785 1957 871 2028 atque
888 1948 1077 2026 pollicitando
1172 2007 1180 2014 ,

99 2035 189 2108 magis
200 2033 373 2094 incendere:
389 2035 428 2094 ita
442 2035 497 2111 ipsi
513 2033 584 2094 clari
596 2041 787 2112 potentesque
803 2034 875 2094 fier-ie
903 2033 1101 2092 (1111111112

99 2131 212 2176 summa
227 2135 283 2195 ope
301 2117 449 2178 nitebatur
466 2117 606 2196 pleraque
623 2117 758 2178 nobilitas
773 2123 890 2176 senaim
908 2117 1005 2192 specie
1020 2123 1074 2190 pro

98 2217 151 2260 sua
163 2200 370 2278 magnitudine.
391 2200 537 2277 Namque,
555 2204 599 2260 uti
609 2203 709 2276 paucis
721 2217 824 2258 verum
838 2197 994 2264 absolvam,
1010 2202 1101 2272 posta

100 2283 199 2344 Sullae
210 2291 341 2359 tempora
353 2285 528 2359 quicumque
541 2300 606 2341 rena
620 2281 766 2357 publicam
779 2281 931 2353 agitavere,
946 2277 1076 2337 honestis

61 2394 86 2432 25
99 2365 276 2431 nominibus,
299 2364 346 2424 alii
359 2366 442 2423 sicuti
457 2361 557 2440 populi
571 2365 634 2422 iura
651 2362 849 2429 defenderent,
870 2377 938 2437 pars
956 2378 1015 2438 qno
1029 2377 1075 2419 se·
1121 2436 1124 2442 Ἰ

96 2455 185 2508 natus
201 2448 357 2506 auctoritas
370 2463 506 2506 maxuma
520 2445 605 2513 foret,
623 2444 733 2504 bonum
747 2443 896 2522 publicum
909 2442 1077 2504 simulantes
1206 2481 1207 2489 ,

95 2549 153 2610 pro
176 2546 239 2610 suu,
255 2533 377 2608 quisque
406 2530 534 2606 potentia
555 2528 719 2589 certabant:
745 2545 840 2607 neque
859 2527 915 2588 illis
934 2528 1077 2609 1111111111

95 2634 194 2695 neque
210 2615 315 2675 modus
331 2613 524 2674 contentionis
539 2619 609 2681 erat,
626 2614 741 2689 utrique
755 2613 904 2676 victoriam
918 2609 1076 2672 crudaliter

97 2698 294 2760 exercebant:
313 2697 364 2758 Set
373 2703 528 2776 postquam
542 2696 597 2758 Gn.
612 2695 768 2774 Pompeius
784 2694 942 2756 adbellrun
954 2695 1075 2754 1111111-
1085 2689 1142 2774 39-1

60 2809 86 2852 30
95 2801 180 2843 naum
194 2789 282 2860 atque
294 2781 519 2854 Mithridaticum
531 2781 636 2840 missus
650 2787 701 2848 est,
716 2778 809 2855 plebis
823 2797 893 2858 opes
906 2779 1073 2843 inminutae,
1142 2785 1145 2790 '
1180 2843 1188 2852 Ι

95 2883 261 2943 paucorum
274 2867 402 2944 potentia
419 2866 516 2924 crevit.
545 2863 579 2924 Ei
592 2864 777 2939 magistratus
788 2861 952 2940 provincias
963 2858 1101 2936 aliaquez

97 2950 327 3024 omniatenere:
342 2951 397 3026 ipsi
411 2949 521 3008 innoxii
530 2947 669 3006 florentes
679 2947 740 3006 sine
751 2952 832 3006 metu
843 2948 966 3004 aetatem
977 2957 1074 3018 agere,

97 3039 215 3094 eeteros
235 3031 346 3091 iudiciis
362 3039 476 3092 terrere
491 3029 685 3108 quoplebem
701 3030 731 3090 in
749 3029 922 3104 magistratu
934 3025 1075 3104 placidius

95 3121 268 3175 mactarent.
292 3114 342 3175 Set
351 3114 403 3174 ubi
416 3117 544 3192 primum
559 3114 653 3174 dubiis
663 3113 754 3173 rebus
764 3110 889 3172 novandi
901 3127 968 3187 spes
979 3103 1100 3173 oblatat

58 3219 85 3260 as
96 3205 152 3268 est,
176 3205 261 3260 vetus
277 3203 425 3259 certamen
441 3199 551 3258 animos
568 3215 670 3258 eorum
688 3197 807 3257 adrexit.
841 3194 926 3265 Quod
939 3195 967 3254 si
979 3195 1101 3270 primos

96 3281 212 3360 proelio
232 3281 352 3360 Catilina
370 3283 502 3358 superior
526 3288 574 3341 aut
588 3299 681 3360 aequa
695 3298 785 3340 manu
797 3279 988 3344 decessisset,
1005 3291 1073 3350 pro·

96 3366 178 3426 fecto
193 3383 298 3443 magna
320 3364 417 3426 clades
436 3370 521 3441 atque
543 3355 687 3426 calamitas
702 3382 765 3424 reru
786 3362 933 3442 publicam
953 3357 1073 3433 obpres-

97 3451 313 3528 sisse'tz‘neque
328 3447 400 3517 illis,
417 3450 441 3508 si
455 3449 604 3508 victoriam
620 3449 717 3526 adepti
732 3449 843 3516 forent,
863 3444 968 3505 diutins
985 3438 1074 3500 cauti

882 3546 923 3606 2*
