2536 3936
197 179 236 240 24
331 193 380 252 ‚nn
406 193 578 236 carrarum:
601 193 849 236 ocurras-monn.
870 194 898 236 c.
920 187 964 240 48.
984 188 1028 242 49.

172 349 357 403 eretraotnm
379 341 504 402 aiebant.
534 341 563 400 ls
582 358 649 400 cum
669 359 701 401 se
719 341 829 401 diceret
843 333 1036 403 indicaturum
1051 344 1087 410 de
1103 362 1177 404 con-

198 428 341 487 iuratione
358 426 383 502 si
402 425 474 486 fides
494 423 611 502 publica
625 424 692 483 data
706 430 790 490 esset,
812 426 914 485 iussus·
926 442 943 484 a
956 423 1082 486 consule*
1097 445 1177 504 quae

199 512 288 570 sciret
305 509 434 576 edicere,
458 507 560 568 eadem
576 506 639 568 lere
655 525 729 586 quae
750 506 922 574 Volturcius,
945 508 981 570 de
1002 511 1110 586 paratis
1128 513 1176 570 in·

199 592 308 653 cendiis
330 592 366 652 de
382 591 470 652 caede
486 589 631 650 bonorum
650 589 686 650 de
706 592 808 650 itinere
822 590 958 660 hostium,
973 599 1105 652 senatum
1121 593 1176 654 do·

200 683 260 738 cet:
275 686 427 754 praeterea
445 691 477 733 se
493 675 644 734 missuma
658 673 696 732 M.
712 673 829 740 Crasso,
846 693 896 752 qur
888 674 1045 737 'Catilinae
1059 682 1133 736 nunt
1133 678 1176 736 ia·
1187 700 1201 739 s

198 769 258 829 ret,
279 778 316 820 ne
336 775 403 818 eum
420 755 609 818 Lentuluset
596 756 771 834 tCethegus
790 756 896 836 aliique
919 777 954 818 ex
974 761 1177 820 coniuratione

199 840 372 920 deprehensi
399 835 557 909 terrerent,
585 858 678 919 eoque
696 841 791 937 magis
812 849 984 918 properaret
1006 842 1043 904 ad
1068 842 1177 912 urbem

199 925 350 992 recedere,
369 923 427 1004 quo
444 930 473 984 et
490 930 656 984 ceterorum
672 925 783 983 animos
790 918 934 984 reficeret
953 931 982 984 et
1001 923 1042 986 illi
1062 924 1177 985 facilius

173 1019 216 1067 ne
230 1007 360 1084 periculo
375 1009 567 1086 eriperentur.
600 1007 652 1068 Set
664 1007 715 1067 ubi
730 1007 905 1105 Tarquinius
921 1006 1058 1070 Crassum
1078 1010 1175 1068 nonai-

184 1092 290 1160 navit,
313 1091 463 1152 bominem
478 1091 606 1154 nobilem
622 1092 765 1152 maxumis
787 1091 890 1152 divitiis
900 1097 1017 1158 ‚summa
1034 1093 1174 1169 potentia,
1188 1113 1212 1152 ro

136 1250 139 1256 Ι
197 1173 244 1234 alii
266 1192 330 1234 rem
351 1174 552 1236 incredibilem
575 1177 645 1243 rati,
667 1191 737 1251 pars
757 1175 873 1234 tametsi
894 1179 997 1236 verum
1017 1177 1175 1236 existuma-

136 1287 140 1290 ·
196 1258 283 1326 baut,
304 1265 401 1319 tamen
420 1259 488 1336 quia
511 1259 541 1317 in
560 1257 612 1318 tali
625 1264 759 1334 tempore
780 1263 860 1318 tanta
880 1259 922 1318 vis
935 1258 1061 1320 hominis
1081 1259 1176 1335 magis

178 1341 334 1412 ,leniunda
355 1359 441 1420 quam
462 1341 633 1417 exagitanda
653 1338 819 1408 videbatur,
848 1339 980 1418 plerique
1010 1341 1113 1401 Crasso
1136 1360 1175 1401 ex

196 1426 320 1502 negotiis
341 1424 458 1501 privatis
480 1423 611 1492 obnoxii,
634 1423 815 1486 conclamant
829 1424 955 1484 indicem
974 1422 1078 1485 laisum
1098 1442 1173 1493 esse,

172 1509 294 1586 adaque
317 1525 352 1568 ea
366 1525 400 1567 re
413 1506 560 1584 postulant
581 1507 622 1567 uti
642 1507 797 1568 referatur.
828 1507 929 1585 ltaque
943 1507 1111 1568 consulente
1127 1507 1174 1568 Ci·
1187 1527 1212 1566 rs

198 1609 306 1670 cerone
317 1591 457 1670 frequens
470 1597 587 1652 senatus
602 1589 746 1652 decernit.
761 1590 902 1670 Tarquini
915 1591 1055 1652 indicium
1067 1591 1175 1652 falsum

197 1675 299 1745 videri,
323 1693 448 1755 eumque
463 1677 493 1736 in
514 1674 636 1736 vinculis
654 1674 850 1744 retinendum,
868 1693 964 1772 neque
978 1674 1101 1754 amplius
1119 1693 1175 1753 po·

199 1766 333 1820 testatem
348 1759 523 1826 faciundam,
539 1760 594 1819 nisi
610 1760 646 1819 de
664 1777 698 1818 eo
712 1753 862 1826 indicaret,
879 1760 961 1818 cuius
973 1757 1095 1818 consilio
1108 1763 1175 1818 tan·

174 1851 257 1901 7tan1
268 1859 332 1901 rem
349 1847 424 1900 esset
437 1843 584 1900 mentitus.
606 1841 697 1900 Erant
712 1858 746 1899 eo
756 1847 889 1917 tempore
900 1842 950 1916 qui
965 1841 1178 1904 exIstumarent

197 1924 336 1983 indicium
357 1921 510 1982 illudaP.
526 1921 666 1982 Autronio
684 1902 895 1988 machinatum,
920 1938 977 1998 quo
993 1919 1104 1980 facilius
1121 1925 1177 1983 ad·
1163 1945 1213 1986 -ao
1249 1981 1251 1998 ,

191 2005 303 2084 pellato
318 2003 422 2064 Crasso
439 2021 493 2081 per
513 2005 680 2064 societatem
697 2003 821 2080 periculi
836 2003 962 2062 relicuos
980 2002 1055 2063 illius
1069 2010 1175 2082 poten·
1249 2055 1251 2066 .

174 2091 240 2148 8tia
260 2093 388 2164 tegeret:
408 2085 456 2148 alii
470 2087 661 2165 Tarquinium
679 2105 695 2146 a
716 2084 879 2146 Cicerone
870 2087 1023 2152 inmissum
1046 2086 1173 2158 aiebant,
1249 2095 1251 2120 ‘

197 2191 235 2234 ne
251 2171 372 2232 Crassus
386 2188 469 2232 more
486 2188 539 2230 suo
553 2177 688 2249 suscepto
704 2167 848 2230 malonnn
863 2171 1025 2248 patrocinio
1040 2189 1104 2232 rem
1118 2189 1174 2248 pu·

173 2256 306 2318 ablicam
327 2255 528 2316 conturbaret:
551 2254 646 2332 ipsum
667 2253 803 2318 Crassum
817 2269 872 2329 ego
886 2259 986 2331 postea
1001 2255 1174 2351 praedican-

198 2348 258 2400 tem
272 2340 377 2407 audivi,
398 2346 507 2400 tantam
521 2337 600 2399 illam
614 2336 819 2400 contumeliam
840 2333 896 2398 sibi
917 2333 953 2397 ab
970 2336 1136 2444 Cicerone
1128 2356 1173 2397 ιιι-
1182 2359 1212 2400 as

199 2423 333 2498 positam.
398 2457 400 2466 ,

77 2520 122 2532 -’
150 2499 230 2559 49
285 2503 336 2562 Set
345 2503 454 2563 eisdem
465 2504 691 2581 temporibusQ
705 2453 822 2564 Catulus
835 2501 908 2563 etG.
921 2502 988 2562 Prso
998 2521 1094 2582 neque
1104 2520 1172 2580 pre

105 2613 109 2624 ·
200 2587 245 2646 cio
261 2601 356 2663 neque
373 2587 465 2661 gratia
485 2586 658 2646 Ciceronem
679 2585 819 2663 inpellere
838 2586 970 2662 quivere,
993 2588 1035 2648 uti
1056 2604 1109 2664 per
1123 2586 1172 2644 Αι-

198 2669 337 2744 lobroges
347 2674 396 2729 aut
409 2686 463 2745 per
475 2668 562 2728 alium
573 2668 745 2729 indicemG.
758 2666 865 2728 Caesar
876 2666 948 2726 lalso
959 2665 1170 2729 nominaretur.

176 2753 275 2820 aNam
291 2756 415 2849 uterque
437 2770 504 2812 cum
524 2750 573 2812 illo
595 2752 691 2827 gravis
711 2750 873 2810 iuimicitias
893 2751 1082 2833 exercebant,
1105 2752 1210 2818 Pisoao

201 2829 412 2916 obpugnatus
405 2853 434 2895 m
456 2835 562 2902 iudicio
583 2835 775 2912 pecuniarum
795 2815 1064 2912 repetundarum
1051 2841 1172 2913 propter

203 2920 352 2982 cuiusdam
367 2918 567 2997 Transpadani
582 2916 755 2996 subplicimn
767 2919 920 2986 iniustum,
942 2916 1060 2990 Catulus
1075 2937 1109 2979 ex
1120 2935 1172 2996 pe·

201 3003 300 3061 titione
313 3004 495 3080 pontificatus
510 3002 600 3061 odio'
591 3017 737 3068 mcensus,
754 3000 831 3078 quod
848 3006 978 3061 extrema
993 3008 1095 3069 aetate,
1110 3018 1171 3060 ma·

202 3085 295 3142 nuruis
321 3083 483 3147 honoribus
510 3101 596 3152 usus,
622 3083 658 3144 ab
688 3083 905 3145 adulescentulo
933 3083 1055 3146 Caesare
1080 3085 1171 3144 victus

178 3167 383 3230 adisoesserat.
427 3169 485 3229 Res
502 3176 599 3229 autem
619 3174 762 3245 oportuna
784 3167 949 3236 videbatur,
972 3168 1050 3244 quod
1070 3167 1206 3244 ispa-as

201 3250 287 3312 vatim
303 3252 418 3326 egregia
428 3249 606 3320 liberalitate,
619 3250 735 3328 publice
750 3252 891 3312 maxumis
899 3251 1073 3310 muneribus
1084 3267 1170 3326 gran·

175 3334 271 3394 edem
281 3335 435 3411 pecuniam
445 3333 577 3396 debebat
602 3335 653 3396 Set
662 3334 713 3396 ubi
724 3334 874 3396 consulem
888 3333 924 3394 ad
938 3338 1049 3392 tantum
1061 3333 1170 3394 lacinus

201 3417 341 3494 inpellere
372 3425 535 3495 nequeunt,
569 3421 625 3497 ipsi
655 3418 819 3496 singulatim
848 3415 1056 3501 circumeundo
1085 3423 1169 3496 atque
