2548 3930
219 241 259 304 98
408 261 472 302 'vnn
491 259 593 304 sunno
616 257 814 304 ruavsrunro
839 259 866 302 c.
886 252 929 308 97.
949 251 993 307 98.

220 411 333 487 ipsique
351 407 453 468 llauro
465 403 626 487 ”pollicetur
647 407 800 470 Numidiae
820 417 934 488 partem
950 411 1082 480 tertiam,
1107 411 1139 472 si
1163 421 1213 474 aut

219 493 343 554 Romani
358 493 455 552 Africa
472 492 596 569 expulsi,
613 500 662 554 aut
676 495 796 569 integris
812 496 872 554 suis
883 493 990 553 finibus
1003 493 1119 555 bellum
1139 513 1212 556 con·

220 579 347 656 positum
369 575 454 635 foret.
494 575 537 635 Eo
556 579 686 652 praemio
709 575 833 636 inlectus
847 575 982 638 Bocchus
1006 595 1074 638 cum
1093 597 1211 658 magna

219 660 401 722 multitudine
423 658 594 734 Iugurtham
615 659 736 720 adcedit.
1112 721 1117 727 ,

193 750 209 802 3
303 743 345 804 lta
366 741 521 804 amborum
543 745 672 803 exercitu
695 744 848 804 coniuncto
863 741 1000 814 Marium,
1023 745 1082 804 iam
1105 747 1142 806 in
1163 745 1226 808 lit-s

204 829 312 890 'berna
334 827 581 904 proficiscentem,
601 827 648 886 vix
670 827 792 887 decuma
813 833 896 904 parte
918 828 964 888 dic
984 827 1096 890 relicua
1120 831 1208 890 inva-

220 913 306 978 dunt,
327 911 382 968 rati
396 914 513 968 noctem
528 927 601 988 quae
616 912 673 970 iam
689 909 789 970 aderat
805 916 834 970 et
847 911 928 970 victis
944 911 999 971 sibi
1016 911 1207 972 munimento

219 997 282 1054 fore
298 1001 326 1054 et
343 995 367 1052 si
384 993 519 1053 vicissent
534 993 614 1053 nullo
629 995 841 1070 inpedimento,
866 997 932 1072 quia
947 994 1080 1055 locorum
1104 997 1206 1056 scien·

218 1087 263 1138 tes
290 1083 387 1146 erant,
418 1083 519 1138 contra
539 1075 677 1136 Romanis
697 1083 855 1157 utrumque
885 1095 985 1138 casum
1010 1079 1039 1137 in
1065 1079 1207 1140 tenebris

192 1161 410 1222 ddiffrciliorem
426 1158 498 1219 fore.
527 1159 620 1235 Igitur
636 1159 721 1221 'simul
739 1161 840 1220 consul
856 1179 891 1222 cx
904 1161 1002 1221 multis
1017 1162 1053 1221 de
1067 1155 1230 1223 hostiumn

219 1247 344 1306 adventu
360 1245 493 1320 cognovit
509 1249 537 1303 et
550 1241 604 1319 ipsi
616 1243 715 1303 hostes
730 1245 859 1314 aderant,
873 1251 901 1304 et
915 1247 995 1322 prius
1011 1263 1100 1324 quam
1115 1264 1205 1307 exer-

220 1332 292 1389 citus
309 1335 358 1388 aut
373 1328 478 1387 instrui
497 1333 547 1386 aut
565 1327 693 1386 sarcinas
709 1325 865 1402 conligere,
884 1329 1009 1406 denique
1027 1334 1094 1388 ante
1110 1347 1205 1408 quam

219 1416 334 1488 signum
356 1417 405 1470 aut
421 1409 566 1486 inperium
580 1407 673 1468 ullum
694 1411 828 1486 accipere
850 1413 954 1490 quivit,
975 1413 1085 1490 equites
1104 1411 1204 1474 Mauri

219 1503 305 1573 atquc
326 1492 452 1560 Gaetuli,
475 1510 535 1552 non
551 1493 611 1552 acie
626 1510 722 1571 neque
736 1493 795 1554 ullo
810 1507 893 1555 more
907 1495 1013 1572 proeli,
1036 1500 1080 1555 set
1103 1503 1204 1556 cater-

219 1582 315 1648 vatim,
337 1580 379 1637 uti
403 1593 533 1656 quosque
556 1575 616 1635 fors
639 1577 877 1653 conglobauerat,
905 1581 936 1640 in
957 1585 1072 1638 nostros
1097 1583 1231 1640 incur-rs

193 1669 302 1724 crunt:
327 1664 376 1740 qui
399 1679 500 1722 omnes
520 1661 626 1738 trepidi
646 1662 793 1738 inproviso
814 1669 894 1721 metu
915 1680 948 1722 ac
967 1669 1062 1722 tamen
1080 1663 1204 1722 virtutis

217 1763 363 1808 memores
379 1750 429 1805 aut
444 1761 525 1804 arma
543 1744 695 1822 capiebant
706 1751 755 1805 aut
771 1746 908 1824 capientis
926 1744 996 1805 alios
1011 1745 1046 1804 ab
1062 1745 1204 1806 hostibus

218 1829 421 1891 defensabant:
448 1846 516 1905 pars
539 1845 628 1905 equos
651 1829 824 1898 escendere,
847 1827 960 1888 obviam
981 1831 1025 1888 ire
1046 1827 1203 1904 hostibus:

217 1929 315 1991 pugna
326 1910 477 1971 latrocinio
489 1911 580 1986 magis
594 1929 681 1988 quam
695 1911 805 1988 proelio
822 1911 921 1972 similis
936 1912 1013 1971 lieri:
1030 1912 1092 1971 sine
1106 1912 1204 1988 signis

218 1997 280 2055 sine
298 1991 449 2054 ordinibus
466 1996 577 2072 equites
595 1993 707 2070 pedites
724 1995 860 2071 permixti
878 1995 982 2054 cedere
1003 1993 1058 2063 alii,
1079 1993 1128 2054 alii
1144 1996 1234 2055 ob-ao

216 2086 371 2147 truncare,
399 2076 482 2136 multi
511 2082 611 2136 contra
638 2078 775 2147 advorsos
798 2095 950 2138 acerrume
971 2083 1137 2156 pugnantes
1163 2080 1204 2139 ab

216 2169 302 2240 tergo
324 2161 541 2222 circumveniri:
564 2179 659 2239 neque
677 2162 767 2222 virtus
787 2179 883 2240 neque
898 2179 978 2221 arma
999 2163 1204 2238 subtegere,

219 2248 285 2324 quia
311 2245 410 2306 hostes
429 2261 553 2304 numero
575 2243 674 2322 plures
701 2252 729 2305 et
755 2245 883 2324 undique
907 2245 1074 2305 circumfusi
1095 2253 1205 2305 erant:

129 2365 134 2374 -
218 2330 343 2406 denique
364 2329 488 2388 Romani
507 2335 620 2388 veteres
640 2331 765 2406 novique
788 2327 832 2408 [et
853 2327 889 2387 ob
911 2345 943 2387 ea
961 2330 1084 2388 scientes
1099 2325 1204 2409 belii],

217 2415 241 2472 si
263 2407 336 2490 quos
350 2410 431 2472 locus
450 2417 502 2480 aut,
519 2430 602 2473 casus
619 2413 822 2480 coniunxerat,
844 2410 922 2470 orbis
940 2411 1036 2471 fecere
1052 2417 1142 2488 atque
1161 2413 1234 2474 itau

218 2496 253 2554 ab
277 2493 411 2554 omnibus
438 2495 570 2572 partibus
592 2495 676 2556 simul
699 2496 767 2556 tecti
789 2500 817 2555 et
836 2495 969 2554 instructi
989 2495 1117 2554 hostium
1140 2499 1206 2556 vim

166 2575 206 2638 98
218 2577 426 2636 sustentabant.
460 2577 560 2654 Neque
576 2579 606 2638 in
628 2597 662 2641 eo
677 2584 737 2638 tam
754 2595 858 2655 aspero
876 2579 992 2654 negotio
1011 2577 1120 2638 Marius
1139 2585 1206 2639 tor-

218 2662 291 2720 ritus
313 2664 363 2719 aut
383 2661 475 2735 magis
498 2677 585 2738 quam
600 2667 690 2744 'antea
706 2663 830 2722 demisso
853 2663 947 2720 animo
970 2663 1037 2730 fuit,
1061 2667 1105 2720 set
1130 2681 1205 2723 cum

217 2755 313 2804 turma
331 2761 393 2812 sua,
412 2757 499 2820 quam
515 2761 549 2803 ex
561 2745 734 2804 fortissumis
747 2746 840 2820 magis
852 2763 940 2823 quam
956 2744 1205 2806 familiarissumis

217 2833 384 2907 paraverat,
402 2828 500 2904 vagari
515 2829 621 2904 passim
637 2845 670 2888 ac
687 2827 774 2887 modo
785 2827 985 2889 laborantibus
999 2828 1058 2888 suis
1073 2843 1233 2889 succur-ro

217 2929 299 2981 rere,
317 2912 404 2972 modo
419 2911 523 2980 hostis⁸
544 2911 595 2971 ubi
610 2911 823 2972 confertissumi
839 2912 1026 2979 obsteterant,
1042 2911 1203 2974 invadere:

218 3013 307 3055 manu
329 2994 480 3054 consulere
505 2995 658 3064 militibus,
685 2997 822 3074 quoniam
850 2997 985 3072 inperare
1014 2993 1204 3057 conturbatis

192 3075 354 3136 romnibus
369 3095 427 3136 non
444 3083 566 3154 poterat.
600 3079 718 3158 lamque
743 3080 803 3139 dics
821 3086 1009 3159 consumptus
1025 3083 1103 3146 erat,
1115 3087 1204 3140 'curn

218 3167 313 3220 tamen
327 3159 446 3220 barbari
457 3161 528 3222 nibil
538 3163 686 3224 remittere
705 3167 807 3241 atque,
819 3165 860 3222 uti
872 3180 957 3239 reges
972 3171 1202 3239 praeceperant,

192 3249 333 3303 3noctem
348 3260 405 3326 pro
428 3245 531 3305 serati
553 3249 648 3306 acrius
666 3247 783 3314 instare.
828 3246 903 3306 Tum
925 3245 1031 3306 llarius
1053 3263 1087 3304 ex
1110 3249 1234 3324 copias

217 3345 317 3386 rerum
340 3325 488 3387 consilium
505 3330 595 3389 trabit
610 3336 704 3409 atque,
724 3331 767 3390 uti
787 3331 846 3388 suis
861 3332 991 3408 receptui
1010 3327 1091 3388 locus
1107 3339 1202 3400 esset,

218 3407 297 3468 collis
320 3410 393 3470 duos
414 3413 593 3488 propinquos
615 3415 689 3474 iuter
710 3431 741 3474 se
761 3419 901 3490 occupat,
925 3428 1049 3490 quorum
1072 3412 1101 3469 in
1123 3429 1201 3484 uno,

218 3494 319 3552 castris
338 3509 442 3572 parum
465 3495 575 3570 amplo,
599 3497 663 3558 fons
682 3515 773 3576 aquae
795 3513 917 3573 magnus
941 3501 1018 3564 erat,
1043 3491 1116 3554 alter
1142 3513 1203 3558 usu
