2548 3930
272 218 447 284 nanneno
469 227 722 272 avnvnnaruoe.
746 219 787 276 lt
811 221 853 275 18.
876 221 919 281 19.
1042 211 1084 276 ta

114 375 226 436 obtinet
240 376 389 437 divorsum
403 382 461 446 est,
481 381 579 438 tantm
595 378 637 438 nti
654 393 689 437 ex
704 374 786 436 libris
799 376 929 448 Punicis,
946 379 995 456 qui
1009 379 1086 454 regis

113 459 285 543 Hiempsalis
305 459 485 528 dicebantur,
506 461 729 538 interpretatum
743 459 829 520 nobis
846 455 890 520 e'st
908 462 1008 539 ntique
1022 478 1086 522 rem
1191 489 1197 500 ,

114 561 177 604 sese
192 541 303 604 habere
323 541 487 603 cultores
463 561 524 614 etus
537 549 635 604 terrac
657 547 767 622 putant,
788 560 876 622 quam
896 545 1087 620 paucissumis

114 626 229 689 dicam.
261 625 398 687 Ceterum
419 625 491 686 tides
513 628 575 687 eius
588 629 632 687 rei
651 644 741 704 penes
761 633 895 687 auctores
916 629 980 687 erit.

25 768 29 772 .
90 733 103 772 a
196 710 324 771 Africam
338 710 418 770 initio
432 708 563 771 habuere
578 709 691 770 Gaetuli
706 716 735 770 et
749 709 864 779 Libues,
885 713 980 790 asperi
994 709 1137 772 iacui-18
1182 752 1184 758 ι

111 795 201 870 tique,
218 793 282 872 quis
302 793 384 854 cibus
406 799 468 854 erat
490 811 559 854 caro
579 793 672 855 lerina
688 799 775 870 atque
793 793 875 854 humi
889 792 1030 870 pabulum
1044 797 1088 856 nti

111 875 277 954 pecoribus.
289 876 335 936 ,Ei
349 894 444 954 neque
459 877 590 938 moribus
607 895 703 956 neque
717 875 782 953 lege
797 883 847 938 aut
860 878 973 954 inperio
989 879 1112 938 cuius-2

112 977 199 1036 quam
219 959 412 1036 regebantur:
435 962 500 1038 vagi
520 959 651 1038 palantes
672 977 744 1038 quas
765 957 982 1037 nox‘coegerat
1003 961 1087 1036 sedes

33 1107 36 1120 ,
111 1043 266 1104 habebant.
309 1044 360 1104 Set
380 1050 534 1122 postquam
550 1046 580 1104 in
595 1043 731 1122 Hispania
749 1042 904 1112 Hercules,
926 1045 1011 1104 sicuti
1025 1045 1113 1108 Atria

76 1133 227 1204 reputant,
248 1128 372 1196 interiit,
393 1128 538 1188 exercitus
556 1129 627 1195 eius,
645 1128 812 1204 conpositus
833 1144 869 1186 ex
888 1129 974 1187 variis
976 1129 1087 1226 genti·

110 1210 182 1279 bns,
205 1212 312 1271 amisso
332 1211 407 1272 duce
429 1229 462 1270 ac
482 1211 589 1292 passion
610 1209 709 1273 multis
730 1209 785 1270 sibi
800 1211 922 1288 quisque
942 1212 1087 1288 inperium

109 1293 275 1371 petentibus
294 1294 376 1355 brevi
394 1293 539 1356 dilabitur
577 1287 621 1354 Ex
644 1313 679 1356 eo
698 1296 826 1356 numero
844 1293 921 1354 Medi
934 1300 965 1352 et
979 1291 1113 1357 Persae4

56 1430 60 1434 .
110 1384 139 1437 et
158 1377 288 1439 Armenii
309 1378 455 1438 ιιιιιιιιιι
447 1395 477 1438 m
492 1377 620 1439 Africam
635 1379 791 1440 uansvecti
810 1394 970 1456 proxumos
984 1384 1086 1438 nostro

109 1463 185 1520 mari
198 1460 280 1522 locos
295 1478 484 1558 occupavere,
500 1468 547 1520 set
556 1461 664 1524 Persae
678 1464 755 1522 intra
769 1460 918 1522 Oceanum
929 1463 1029 1538 magis,
1046 1463 1088 1523 ei·
1075 1468 1112 1518 -5

73 1564 99 1604 as
110 1559 167 1621 que
182 1541 279 1606 alveos
296 1546 413 1604 ιιιιιιιιιι
427 1546 565 1604 invorsos
573 1562 628 1621 pro
642 1546 765 1622 tngtnits
779 1543 924 1612 habuere,
949 1545 1016 1622 quia
1035 1563 1086 1605 ne-

110 1645 167 1704 que
187 1630 334 1688 materia
326 1645 355 1687 ιιι
376 1629 460 1706 agris
476 1643 573 1704 noque
599 1625 635 1686 ab
657 1621 804 1703 Hispani's
814 1627 932 1686 emundi
953 1634 1004 1686 ant
1022 1645 1087 1688 mu·

108 1709 189 1770 tandi
204 1713 288 1788 copia
303 1716 381 1770 erat:
399 1727 481 1772 mare
495 1725 634 1786 magnum
649 1711 699 1770 et
691 1727 792 1786 ignara
807 1699 906 1784 lingna
921 1712 1121 1771 conmercio
1234 1757 1240 1785 ,

33 1783 53 1819 ’·
108 1792 313 1869 prohibebant.
366 1793 400 1854 lli
424 1792 563 1871 paulatim
594 1811 647 1870 per
674 1792 800 1862 conubia
825 1792 963 1853 Gaetulos
988 1805 1114 1856 secnmtt

107 1877 267 1946 mhenem,
291 1875 331 1938 et
334 1879 401 1956 qnia
423 1894 509 1976 saepe
527 1883 702 1974 temptantes
716 1893 803 1953 agros
822 1875 886 1946 alia,
908 1877 1013 1938 deinde
1032 1877 1113 1938 aliar

71 1958 239 2024 relocat
189 1977 226 2037 pe
226 1963 360 2030 tirerant,
383 1963 505 2022 semet
497 1963 553 2039 rpsi
571 1962 719 2023 nomadas
724 1959 916 2040 adpellavere
951 1960 1113 2022 Ceterumss

106 2042 202 2104 adhuc
212 2044 341 2106 aedilicia
356 2044 549 2108 Numidarum
565 2048 732 2122 agrestium,
749 2063 824 2124 quae
838 2044 962 2143 mapalia
972 2043 1019 2105 illi
1035 2064 1085 2104 vo

106 2134 180 2196 cant,
198 2127 357 2204 oblonga·
348 2131 477 2189 incurvis
490 2129 631 2190 lateribus
645 2136 731 2198 tecta,
748 2129 1114 2212 quasinavinmcarinee

104 2217 181 2271 sunt.
219 2211 311 2272 Medis
332 2221 431 2273 autem
452 2219 481 2272 et
501 2212 650 2273 armeniis
659 2213 814 2273 adcessere
833 2189 1000 2270 Libues—
1017 2187 1115 2298 ιιιιιιιιΙ

105 2293 135 2354 hi
153 2297 275 2372 propius
296 2312 377 2354 mare
398 2295 528 2356 Africum
550 2293 711 2372 agitabant,
731 2291 846 2352 Gaetuli
866 2292 921 2352 sub
941 2291 1002 2353 sole
1023 2310 1086 2352 ma·

69 2379 158 2454 aegis,
172 2377 253 2438 ἰιιιιι
266 2377 372 2452 procul
392 2376 429 2437 ab
452 2377 660 2438 ardoribus
625 2379 763 2456 eique
783 2381 898 2436 mature
913 2375 1019 2456 oppida
1033 2376 1085 2436 ha·

104 2460 213 2521 buere:
234 2479 303 2521 nam
315 2460 392 2522 freto
408 2451 491 2521 divisi
509 2459 545 2519 ab
561 2460 698 2538 Hispania
714 2465 828 2520 mutare
842 2475 890 2520 res
904 2462 979 2520 inter
996 2477 1028 2521 se
1042 2463 1085 2521 in·

104 2545 265 2604 stitnerant.
300 2543 415 2622 Nomen
433 2561 537 2604 eornm
550 2543 689 2623 paulatim
702 2543 810 2604 Libues
824 2561 998 2622 corrupere,
1016 2544 1083 2605 bar·
1096 2555 1129 2607 to

104 2627 177 2688 bara
198 2627 297 2706 lingua
319 2627 436 2690 Mauros
456 2645 512 2706 pro
535 2626 626 2688 bledis
646 2626 834 2726 adpellantes
878 2627 928 2688 Set
915 2633 995 2688 tres
1012 2627 1083 2689 Per·
1071 2643 1125 2695 -11
1184 2653 1189 2666 *

103 2729 203 2772 aarum
221 2712 304 2773 brevi
321 2712 458 2774 adolevit.
480 2728 516 2772 ac
531 2717 631 2789 postca
650 2714 769 2780 nomine
786 2710 938 2780 Numidae,
962 2718 1084 2792 propter
1127 2735 1129 2742 ·

66 2823 93 2863 aa
103 2795 318 2872 multitudinem
337 2795 536 2874 aparentibus
550 2794 680 2873 digressi,
695 2795 854 2872 possedere
870 2812 903 2853 ea
918 2793 992 2862 loca,
1003 2811 1084 2871 quae

102 2897 248 2956 proxuma
266 2879 440 2958 Carthagine
459 2878 593 2939 Numidia
616 2878 786 2956 adpellatur
832 2876 943 2936 Deinde
964 2879 1081 2956 utrique
1093 2888 1125 2940 ta

103 2961 202 3024 alteris
220 2963 288 3032 heti
309 2963 457 3024 finitumos
480 2964 568 3022 armis
585 2970 636 3023 aut
656 2970 735 3023 metu
757 2961 842 3022 snb
833 2960 979 3036 inperium
997 2977 1083 3023 sunm

103 3062 238 3122 coegere,
259 3063 368 3106 nomen
382 3046 562 3124 gloriamque
577 3045 632 3106 sibi
647 3046 799 3128 addidere,
815 3043 908 3118 magis
922 3045 962 3112 ei,
982 3045 1031 3122 qni
1046 3046 1083 3106 ad

102 3136 237 3191 nostrum
248 3147 330 3190 mare
341 3138 554 3205 processerant,
566 3148 634 3210 quaa
644 3129 752 3189 Libues
764 3131 852 3207 quam
864 3126 976 3187 Gaetuli
987 3145 1083 3189 minus

66 3212 242 3276 sabellioosi.
269 3213 400 3290 Demque
411 3213 527 3273 hirroec
536 3229 606 3290 pars
616 3213 739 3274 miermr
749 3210 889 3290 pleraque
903 3210 939 3271 ab
951 3210 1082 3280 Numidis

103 3313 237 3374 possessa
252 3304 305 3366 est,
323 3297 390 3357 victi
407 3313 508 3356 omnes
522 3297 552 3356 ιιι
569 3302 687 3373 gentem
702 3311 868 3374 nomenque
885 3295 1083 3399 imperantium

103 3397 285 3460 concessere.
349 3439 350 3448 ,

186 3441 290 3544 l‘oslea
309 3464 485 3533 Phoenices,
507 3481 576 3542 pars
593 3464 688 3540 hiperi
710 3465 860 3573 cupidine,
883 3463 930 3525 alii
951 3461 1081 3524 multitu·
1092 3461 1132 3524 19

155 3563 287 3616 Sancum
910 3566 929 3624 4
