2548 3930
151 200 193 261 92
242 219 247 233 ‘
322 219 366 259 nu
386 216 490 259 annno
513 216 713 259 3333333333
738 215 765 257 3.
781 205 824 262 et.
842 206 886 260 88.
908 205 951 260 89.
1058 235 1060 246 ›

99 361 141 427 87
220 429 222 434 ,
235 365 286 426 Set
301 367 403 428 consul
422 365 542 440 expletis
551 364 715 442 legionibus
729 363 954 442 cohortibusque
967 361 1129 423 auxiliariis

148 451 180 510 in
201 467 304 527 agrum
322 451 446 530 fertilem
470 456 498 510 et
519 449 626 526 praeda
646 456 781 509 onustum
801 449 1003 526 proficiscitur,
1027 447 1127 508 omnia

148 533 189 593 ibi
208 540 292 610 capta
307 534 445 595 militibus
466 533 567 601 donat,
588 533 662 610 dein
679 531 795 592 castella
814 539 844 593 et
860 532 965 610 oppida
979 537 1129 592 33133331

148 617 217 677 viris
232 635 336 693 parum
360 619 467 678 munita
490 617 668 693 adgreditur,
691 615 799 693 proelia
817 615 916 685 multa,
938 622 1068 675 ceterum
1081 614 1126 676 le·

123 701 203 769 avia,
215 699 268 760 alia
278 700 340 761 aliis
353 701 426 762 locis
436 701 542 760 lacere.
558 699 677 760 lnterim
691 701 758 759 nori
770 699 874 760 milites
885 700 947 760 siue
958 704 1037 758 metu
1049 716 1124 776 pug·
1135 723 1152 762 s

147 799 204 845 nae
223 785 339 845 31133333
367 785 465 844 videre
486 784 621 859 fugientis
642 785 706 860 capi
721 790 771 842 aut
791 783 897 850 occidi,
925 783 1127 842 fortissumum

148 885 294 946 quemque
305 869 490 928 tutissumum
498 888 510 926 a
518 870 606 929 armis
620 866 793 937 libertatem,
806 868 928 945 patriam
938 867 1125 944 parentisque

120 955 177 1010 aet
198 950 252 1011 3113
274 952 370 1010 omnia
384 953 457 1026 tegi,
478 951 599 1029 gloriam
614 958 700 1030 atque
715 952 826 1012 divitias
841 951 950 1029 quaeri.
977 949 1025 1009 Sic
1041 949 1126 1008 brevi

47 1069 49 1080 ·
146 1035 239 1113 spatio
247 1035 629 1112 novivetercsquecoaluere
637 1033 1123 1113 etrirtusomniumaequaltstacto

119 1127 137 1175 t
179 1151 181 1166 ·
230 1117 266 1177 lt
287 1135 387 1195 regen,
408 1117 459 1178 ubi
480 1119 517 1179 dc
537 1119 662 1180 adventu
676 1117 748 1178 Mari
770 1136 946 1196 cognovere,
969 1117 1075 1178 ditorsi
1092 1119 1122 1176 in
1135 1135 1161 1178 ao

130 1213 132 1220 ·
146 1199 227 1260 locos
241 1201 363 1262 difficilis
376 1200 494 1263 abeunt.
515 1203 558 1262 lta
569 1203 729 1278 Iugurthae
742 1203 900 1279 placuerat,
913 1203 1042 1278 speranti
1055 1217 1123 1260 mox

81 1285 84 1296 ¹
147 1283 254 1344 3113333
268 1285 359 1345 hostis
373 1283 469 1345 invadi
484 1303 584 1362 posse:
607 1286 769 1354 Romanos,
792 1287 877 1346 sicuti
889 1285 1059 1364 plerosque,
1075 1301 1125 1344 re«

145 1374 226 1428 moto
251 1374 331 1428 metu
354 1369 448 1428 lanius
471 1367 662 1446 licentiusque
686 1369 809 1429 futuros.
1149 1442 1151 1447 .

88 1446 136 1508 88
229 1450 361 1511 Μ3131133
381 1453 491 1511 1313333
507 1449 629 1511 Romam
644 1449 793 1528 prolectu's
814 1459 915 1512 contra
937 1469 1019 1530 spem
1039 1469 1121 1522 suam

145 1534 318 1595 laetissumis
338 1536 442 1595 animis
462 1535 618 1612 accipitur,
641 1534 720 1612 plebi
740 1536 945 1614 patribusque,
968 1543 1123 1613 postquam
1132 1553 1159 1594 13

144 1617 252 1680 invidia
270 1613 431 1687 (1333133331,Ι
448 1621 527 1679 iuxta
546 1617 641 1678 carus.

119 1709 136 1757 a
229 1702 279 1763 Set
298 1701 406 1762 Marius
428 1704 541 1780 inpigre
562 1703 781 1782 prudenterque
803 1721 922 1763 suorum
946 1706 975 1762 31
995 1703 1122 1763 hostium

145 1803 194 1846 res
214 1788 324 1864 pariter
345 1786 516 1854 adtendere,
541 1801 719 1862 cognoscere
740 1787 807 1864 quid
830 1785 900 1846 boni
920 1789 1052 1864 utrisque
1073 1793 1122 1846 eut

148 1876 250 1928 contra
273 1863 358 1936 essct,
381 1869 534 1945 explorare
555 1871 658 1929 itinera
673 1887 792 1946 rogum,
816 1870 932 1930 consilia
956 1876 985 1930 et
1003 1871 1121 1931 insidias

146 1968 249 2011 eornm
275 1953 458 2020 antevenire,
481 1951 552 2010 nihil
578 1952 656 2030 apud
681 1970 713 2012 se
738 1955 892 2013 remissum
906 1975 907 1980 ¹
921 1971 1018 2031 neque
1045 1953 1158 2031 apudaa

118 2033 209 2093 311133
228 2039 322 2094 tutum
337 2034 405 2110 pati.
437 2034 538 2112 ltaque
556 2039 585 2095 31
601 2034 738 2096 Gaetulos
756 2043 785 2095 ct
799 2036 970 2112 Iugurtham
985 2055 1020 2096 ex
1036 2038 1122 2097 sociis

143 2120 251 2178 nostris
273 2118 396 2196 praedas
410 2120 522 2196 agentis
541 2136 628 2196 saepe
650 2119 805 2196 adgressus
821 2121 851 2179 13
873 2121 976 2181 1113333
998 2121 1122 2190 luderet,

144 2201 299 2280 ipsumque
311 2218 413 2278 regem
428 2201 499 2263 haut
512 2204 613 2280 procul
629 2202 666 2264 ab
678 2204 785 2280 oppido
800 2202 876 2263 Cirta
889 2205 977 2272 333313
993 2210 1121 2265 exuerat.

119 2283 226 2354 40333
247 2293 401 2364 postquam
422 2285 547 2366 gloriosa
566 2287 653 2347 modo
669 2304 764 2365 neque
781 2286 849 2348 belli
864 2287 997 2365 patrandi
1013 2305 1120 2365 cogno·

145 2369 193 2436 vit,
216 2370 315 2429 statuit
336 2368 431 2437 urbis,
458 2387 534 2447 quoe
554 2372 622 2430 viris
643 2377 693 2433 aut
709 2370 775 2431 loco
791 2388 847 2448 pro
868 2370 999 2433 hostibus
1021 2378 1051 2432 et
1071 2372 1156 2432 adas

142 2468 261 2510 vorsum
283 2466 314 2510 se
335 2455 588 2529 oportunissumae
613 2460 712 2523 erant,
740 2455 870 2531 singulas
896 2457 1120 2517 circumvenire:

143 2531 367 2610 itu‘lugurtham
382 2542 432 2594 aut
451 2538 602 2612 praesidiis
624 2539 765 2598 nudatum
793 2541 818 2598 si
838 2557 872 2598 ea
892 2544 1057 2619 pateretur,
1073 2544 1123 2600 aut

118 2614 257 2694 oproelio
278 2622 467 2676 certaturum.
509 2619 582 2678 Nam
602 2621 737 2681 Bocchus
756 2624 874 2681 nuntios
895 2623 930 2681 ad
953 2641 1021 2702 eum
1035 2639 1122 2700 saepe

142 2700 277 2769 miserat,
297 2698 371 2760 33113
385 2696 485 2777 populi
501 2699 625 2762 Romani
639 2705 806 2763 amicitiam:
827 2723 864 2764 ne
880 2705 948 2782 quid
969 2706 1005 2766 ab
1020 2724 1052 2768 se
1068 2707 1121 2766 ho·

116 2783 206 2844 ostile
220 2785 344 2844 timeret
378 2783 411 2845 ld
429 2783 644 2846 simulaveritue
663 2804 721 2864 quo
735 2788 897 2865 inprovisus
914 2793 1029 2866 gravior
1046 2791 1156 2852 acci-ao

142 2867 234 2936 daret,
254 2886 291 2928 an
303 2867 466 2938 mobilitate
480 2870 577 2946 ingeni
591 2887 694 2952 pacem
710 2877 797 2950 atque
814 2870 924 2934 bellurn
938 2881 1054 2945 mutare
1074 2891 1121 2935 so·

92 2949 223 3018 891itus,
254 2968 359 3028 parum
385 2950 567 3030 exploratum
587 2961 639 3014 est.
687 2954 739 3016 Set
758 2954 875 3026 consul,
901 2959 943 3018 311
970 2966 1118 3028 statuerat,

143 3034 250 3112 oppida
269 3034 445 3114 castellaque
460 3039 569 3098 munita
589 3039 685 3108 adire,
706 3041 811 3116 partim
834 3045 875 3111 vi,
899 3042 953 3103 3113
969 3049 1048 3103 metu
1070 3049 1121 3105 aut

117 3118 271 3193 apnacmia
287 3120 459 3180 ostentando
474 3128 607 3182 avortere
621 3122 658 3184 ab
674 3117 814 3186 hostibus.
844 3125 885 3186 hc
899 3129 995 3204 primo
1008 3115 1118 3187 medio·

141 3201 201 3261 cria
228 3200 364 3276 gerebat,
394 3205 571 3265 existumans
591 3196 761 3284 iugurtham
791 3209 828 3269 ob
846 3225 914 3270 suos
936 3210 1071 3271 tutandos
1088 3212 1153 3271 insa

115 3289 245 3344 3333333
260 3290 424 3344 venturum.
461 3286 512 3346 Set
526 3289 576 3349 ubi
593 3289 673 3352 illum
696 3293 801 3370 procul
822 3292 924 3354 abesse
944 3302 972 3354 et
990 3294 1051 3354 aliis
1067 3311 1118 3356 ne·

140 3367 228 3440 gotiis
248 3366 390 3428 intentum
416 3372 540 3446 accepit,
566 3376 676 3436 maiora
702 3381 732 3434 et
755 3378 848 3451 magis
874 3393 976 3453 aspera
997 3375 1117 3454 adgredi

140 3453 256 3525 tempus
275 3451 367 3510 visum
388 3457 440 3510 331.
