2548 3930
207 207 266 267 100
398 227 440 269 un
458 227 560 272 annno
582 227 782 272 rvsvarrarno
804 228 832 271 u.
858 221 917 274 lod.
935 221 995 274 101.

204 372 335 434 cubitum
354 376 382 435 in
397 382 496 453 portas
515 375 643 439 cohortis
660 394 696 437 ex
710 375 886 454 legionibus,
908 391 963 453 pro
978 375 1080 436 castris
1098 375 1188 453 equi·

204 463 302 517 teser
321 458 476 519 auxiliariis
491 461 620 528 mittere,
642 467 794 537 praeterea
816 459 887 520 alios
905 475 995 538 super
1008 458 1116 519 vallum
1137 456 1188 538 [in

204 541 404 622 munimentis]
420 542 533 610 locare,
553 541 661 620 vigilias
679 544 741 620 ipse
756 543 927 612 circumire,
950 549 1084 602 nontam
1106 541 1187 601 dilfl·

205 623 300 684 dentia
316 626 414 686 lutura
430 643 504 702 quae
515 627 712 702 inperarisset,
729 643 816 705 quarn
829 627 872 687 uti
886 625 1025 685 militibus
1036 641 1186 701 exaequa-

180 712 252 766 btus
271 726 338 768 cunr
357 711 523 786 inperatore
535 707 618 770 labos
637 709 800 770 volentibus
815 713 899 770 esset.
933 709 969 769 Et
989 725 1058 768 sane
1070 706 1209 766 llariuss

204 790 311 870 illoque
324 791 443 872 aliisque
459 792 641 869 temporibus
656 791 832 872 [Iugurthini
851 791 940 934 hellq
953 792 1067 869 pudore
1087 791 1187 866 magis

203 891 291 952 quam
310 874 387 934 rnalo
407 878 567 937 exercitum
588 875 757 937 coercebat:
781 876 859 955 quod
879 877 962 935 muti
976 891 1030 952 per
1047 872 1186 933 ambiti0-

202 975 271 1016 nem
292 957 356 1018 fieri
378 958 508 1028 aiebant,
531 976 600 1035 pars
622 978 638 1019 a
659 961 783 1036 pueritia
804 953 972 1019 consuetam
999 958 1136 1018 duritiam
1153 965 1187 1017 et

202 1039 271 1109 alia,
295 1059 369 1119 quae
391 1043 481 1104 ceteri
502 1041 633 1103 miserias
654 1049 772 1111 vocant,
792 1041 931 1119 voluptati
948 1041 1101 1101 habuisse:
1124 1041 1186 1100 nisi

201 1129 298 1266 {lamen
313 1143 361 1186 res
375 1125 492 1204 publica
510 1127 620 1204 pariter
633 1143 668 1186 ac
683 1127 858 1187 saevissumo
870 1125 983 1208 inperio
996 1124 1074 1184 bene
1091 1128 1217 1202 atquem

222 1225 308 1268 ecore
331 1217 421 1284 gesta.

153 1291 208 1352 tot
286 1292 377 1368 Igitur
392 1299 496 1371 quarto
511 1292 636 1370 denique
655 1290 702 1352 die
723 1291 794 1351 haut
809 1290 897 1366 longe
918 1287 954 1351 ab
978 1289 1084 1370 oppido
1102 1289 1185 1352 Cirta

201 1375 331 1451 undique
353 1374 439 1436 simul
458 1374 658 1451 speculatores
672 1376 719 1434 citi
734 1393 798 1434 sese
813 1374 983 1443 ostendunt,
1004 1391 1060 1452 qua
1076 1391 1110 1434 re
1126 1374 1183 1434 ho·

175 1459 252 1518 asiis
267 1457 368 1519 adesse
383 1457 568 1534 intellegitur.
609 1458 659 1518 Set
672 1459 738 1537 quia
756 1458 862 1518 divorsi
876 1458 1033 1518 redeuntes
1055 1456 1129 1518 alius
1143 1457 1183 1517 ab

202 1540 255 1602 alia
278 1548 361 1617 parte
381 1547 467 1621 atque
483 1557 583 1602 ornnes
598 1541 675 1602 idem
692 1541 906 1619 significabant,
930 1539 1032 1600 consul
1049 1542 1183 1601 incertus
1194 1557 1218 1598 u

203 1641 331 1704 quonam
341 1627 428 1686 rnodo
444 1627 536 1686 aciem
553 1627 718 1694 instrueret,
733 1623 813 1686 nullo
828 1625 931 1685 ordine
947 1630 1114 1685 conmutato
1129 1625 1183 1684 ad·

177 1710 322 1769 3vorsum
338 1711 434 1769 omnia
448 1716 567 1788 paratus
583 1707 691 1769 ibidem
703 1710 843 1786 operitur.
871 1707 914 1768 lta
925 1705 1096 1783 lugurtham
1110 1723 1183 1786 spes

204 1792 355 1862 frustrata,
377 1793 426 1872 qui
448 1793 549 1934 οορίῇ
567 1794 596 1852 in
618 1798 755 1872 quattuor
772 1794 862 1869 partis
882 1791 1077 1859 distribuerat,
1098 1797 1183 1872 ratus

178 1885 240 1935 dex
256 1875 390 1936 omnibus
411 1894 503 1954 aeque
550 1877 634 1953 iquos
656 1875 692 1935 ab
705 1881 790 1951 tergo
805 1874 937 1935 hostibus
951 1880 1097 1934 venturos.
1131 1873 1182 1934 ln·

200 1959 285 2018 terim
308 1957 402 2027 Sulla,
431 1975 519 2036 quem
541 1959 669 2036 primum
689 1957 788 2018 hostes
810 1959 984 2035 adtigeram,
1011 1957 1216 2018 cohortatusao

201 2058 270 2101 suos
291 2041 440 2101 turmatim
463 2048 491 2100 et
512 2057 599 2120 quam
620 2057 755 2102 maxume
777 2039 915 2102 confertis
934 2041 1016 2118 equis
1038 2041 1099 2119 ipse
1116 2039 1182 2100 alii·
1255 2074 1256 2082 κ

174 2155 182 2170 =
201 2143 258 2204 que
268 2123 385 2185 Mauros
399 2124 547 2194 invadunt,
559 2125 650 2185 ceteri
660 2126 688 2184 in
700 2123 765 2184 loco
779 2131 931 2184 manentes
945 2125 981 2184 ab
993 2122 1093 2183 iaculis
1107 2125 1182 2184 emi·

200 2225 257 2268 nus
271 2209 382 2269 emissis
398 2225 522 2287 corpora
535 2214 637 2285 tegere
658 2215 687 2269 et
703 2208 728 2268 ai
743 2209 792 2287 qui
808 2209 839 2268 in
853 2223 956 2268 manus
969 2213 1110 2268 venerant
1125 2205 1181 2268 ob·

175 2299 347 2353 btruncare.
379 2291 455 2353 Dum
469 2310 503 2352 eo
518 2291 606 2352 modo
622 2293 733 2370 equites
748 2291 942 2369 proeliantur,
960 2290 1095 2350 bocchus
1110 2307 1179 2350 cum

200 2374 360 2454 peditibus,
384 2393 457 2453 quos
471 2374 564 2436 Volux
578 2374 654 2435 lilius
673 2377 736 2436 elus
749 2375 909 2436 adduxerat
922 2391 1018 2451 neque
1034 2376 1063 2434 in
1078 2375 1215 2450 priorem

120 2463 127 2472 “
200 2476 307 2536 pugna,
326 2459 355 2517 in
368 2460 470 2520 itinere
486 2459 599 2527 morati,
615 2458 776 2528 adiuerant,
789 2465 966 2536 postremam
976 2457 1179 2517 Romanorum

175 2543 292 2600 taciem
313 2541 460 2599 invadunt.
505 2541 580 2600 Tum
600 2541 708 2601 llarius
730 2542 807 2620 apud
831 2543 941 2619 primos
959 2540 1077 2617 agebat,
1099 2541 1179 2618 quod

200 2623 240 2683 ihi
250 2621 389 2698 Iugurtha
408 2640 474 2682 cum
488 2621 631 2700 plurumis
647 2630 718 2684 erat.
748 2625 820 2684 Dein
835 2623 958 2684 Numida
972 2625 1087 2698 cognito
1102 2623 1179 2686 Boe-

201 2706 247 2767 chi
263 2706 387 2766 adventu
406 2703 481 2764 clam
496 2723 562 2765 cum
577 2707 677 2782 paucis
691 2705 728 2766 ad
747 2707 860 2784 pedites
880 2709 1038 2767 convertit:
1060 2705 1099 2766 ibi
1121 2706 1179 2768 La·

199 2793 268 2860 tine,
290 2807 358 2850 nam
380 2789 458 2866 apud
478 2787 663 2848 Numantiam
684 2787 764 2868 loqui
784 2789 938 2864 didicerat,
956 2790 1103 2863 ‚exclamat
1122 2805 1214 2850 no-ae
1253 2807 1254 2814 ¹

200 2882 275 2934 stros
293 2873 401 2934 trustra
421 2887 567 2950 pugnare:
585 2871 672 2949 paulo
691 2880 757 2933 ante
773 2872 895 2933 lilerium
912 2890 964 2934 sua
982 2889 1070 2934 manu
1086 2875 1178 2934 inter·

199 2958 322 3017 lectum:
342 2956 426 3019 simul
448 2955 576 3032 gladium
597 2957 737 3032 sanguine
753 2955 874 3018 oblitum
895 2957 1064 3025 ostendere,
1088 2973 1178 3036 quern

198 3041 228 3098 in
250 3055 347 3116 pugna
367 3039 436 3098 satis
462 3037 575 3119 inpigre
598 3040 694 3098 occiso
716 3040 812 3118 pedite
836 3046 938 3101 nostro
962 3045 1175 3100 cruentaverat.

176 3121 285 3192 rQuod
306 3121 357 3181 ubi
378 3121 482 3182 milites
503 3139 659 3200 accepere,
682 3125 774 3200 magis
793 3123 943 3184 atrocitate
954 3123 1001 3183 rei
1018 3138 1106 3204 qnam
1118 3123 1189 3184 hdo.
1252 3147 1253 3152 ¹

199 3206 282 3266 nunti
297 3207 459 3273 terrentur,
470 3206 626 3285 simulque
644 3205 762 3267 barbari
780 3208 891 3268 animos
904 3205 1007 3266 tollere
1022 3207 1094 3266 etin
1108 3221 1212 3283 per-as

173 3288 297 3348 eculeos
317 3286 464 3347 Romanos
484 3291 580 3350 acrius
599 3290 744 3352 incedere.
784 3289 903 3368 lamque
922 3287 1040 3367 paulum
1068 3307 1085 3349 a
1107 3289 1177 3366 loga

204 3369 334 3439 aberant,
349 3387 415 3430 curn
428 3369 507 3431 Sulla
523 3373 682 3450 profligatis
698 3373 755 3444 eis,
774 3389 848 3452 quos
863 3373 1018 3432 advorsum
1032 3374 1113 3442 ierat,
1126 3386 1177 3433 re·

203 3451 285 3514 dlens
306 3453 342 3513 ab
364 3451 456 3512 latere
472 3453 580 3517 Mauris
598 3454 730 3518 Incurrit.
763 3455 898 3522 Bocchus
912 3455 1007 3516 statim
1025 3457 1176 3518 avertitur.
