2536 3936
143 207 162 266 4
316 227 359 266 nn
378 221 550 266 cenoman
572 224 813 272 courvuarroue
835 224 862 266 c.
879 216 905 270 6.
925 215 952 270 7.
1050 187 1054 207 ’

119 372 180 432 alli
194 377 350 451 postquam
361 375 392 432 in
409 391 466 433 una
481 373 597 432 moenia
611 371 784 448 convenere,
802 371 911 451 dispari
923 389 1045 449 genere,
1062 375 1119 435 dis·
1203 375 1206 384 ’
1259 373 1260 402 ³

144 455 229 515 simili
242 455 352 533 bngua
374 456 421 518 alii
441 457 496 516 alio
513 473 597 522 ruore
611 457 746 524 aventes,
769 456 940 518 incredibile
955 466 1120 518 memoratu

118 546 187 603 aest
208 544 296 617 mam
311 541 395 602 lacile
416 539 585 600 coaluerint.
602 543 605 562 ¹
620 539 670 601 Set
683 546 839 618 postquam
852 558 901 601 res
916 558 1028 610 eorum,
1039 543 1119 602 'ciri-

142 622 198 682 bus
209 623 342 685 moribus
353 625 430 700 agris
441 629 534 692 ancta,
547 625 616 686 satis
627 641 769 702 prospera
780 625 907 702 satisque
917 624 1031 704 pollens
1042 626 1120 688 vidc-
1165 687 1171 702 ,

142 705 239 776 batur,
262 710 346 769 sicuti
359 699 499 787 pleraqde
508 706 684 768 mortalium
698 707 853 774 habentur,
874 709 980 770 invidia
995 727 1031 769 ex
1046 727 1142 787 opu-⁵

117 790 232 851 tlentia
247 798 310 851 orta
323 796 382 851 est.
414 790 505 866 Igitur
519 806 605 866 reges
619 789 779 868 populique
796 791 923 852 finitumi
939 791 1016 852 bello
1027 800 1120 870 tcmp-

143 881 216 943 tarc,
232 875 321 952 pauci
333 875 479 935 examicis
491 873 690 949 auxilioesse:
710 891 780 959 npm
795 877 886 935 ceteri
897 881 978 934 metu
992 875 1121 952 perculsi

118 967 134 1018 e
146 977 161 1018 a
173 956 311 1035 periculis
324 957 456 1018 aberam.
472 957 509 1017 lt
518 957 642 1018 Romani
653 957 732 1018 domi
742 957 919 1036 militiaeque
929 959 1032 1022 intenti
1041 959 1120 1019 lesti-

143 1058 224 1108 nare,
237 1057 352 1119 parare,
370 1040 444 1101 alius
454 1039 543 1102 alium
554 1041 675 1110 hortari,
692 1041 825 1104 hostibus
836 1041 951 1101 obviam
962 1043 1018 1110 ire,'
1030 1041 1119 1102 liber·

89 1117 98 1133 '
143 1129 233 1184 tatem
244 1125 369 1201 patriam
383 1125 571 1204 parentisque
585 1125 674 1184 armis
688 1131 798 1201 tegere.
830 1124 909 1194 Post,
926 1124 978 1185 ubi
990 1123 1121 1202 pericula
1131 1145 1156 1185 so

79 1280 85 1292 ,
144 1209 251 1286 virtute
271 1207 480 1285 propulerant,
502 1209 588 1268 sociis
603 1214 691 1284 atque
714 1207 933 1268 amicisaurilia
954 1209 1119 1287 portabant,
1186 1205 1190 1228 ¹

145 1293 295 1370 magisque
315 1291 417 1352 dandis
439 1309 526 1370 quam
547 1290 724 1369 accipiundis
744 1291 885 1351 benificiis
907 1294 1045 1353 amicitias
1069 1303 1120 1370 pa-

26 1414 30 1424 s
144 1373 259 1442 rabant.
343 1381 345 1386 ’
1081 1383 1082 1388 ’

118 1463 135 1516 c
227 1459 378 1535 Inperium
395 1457 576 1534 legitumum,
594 1473 702 1517 nomen
719 1459 815 1536 inperi
828 1460 943 1534 regium
957 1458 1120 1520 habebant:

143 1541 256 1610 delecti,
281 1541 387 1620 quibus
403 1557 512 1619 eorpus
530 1542 613 1601 annis
627 1541 790 1609 infirmum,
813 1542 962 1618 ingenium
979 1545 1121 1621 sapientia
1130 1564 1155 1606 1s

143 1624 269 1687 validum
293 1631 368 1694 erat,
392 1620 591 1703 reipublicae
613 1624 832 1692 consultabant:
854 1627 882 1685 ci
898 1625 948 1686 vel·
965 1632 1058 1686 aetate
1076 1622 1121 1685 vol

121 1708 435 1770 tcuraesimilitudine
448 1715 547 1786 patres
568 1707 799 1787 adpellabantur.
841 1708 920 1777 Post,
941 1709 993 1771 ubi
1007 1710 1122 1786 regium

139 1794 299 1869 inperium,¹
308 1792 387 1869 quod
397 1793 477 1851 initio
490 1793 707 1851 conservandae
718 1791 860 1852 libertatis
871 1799 959 1869 atque
970 1793 1132 1868 augendae·

143 1874 337 1952 reipublicae
351 1873 462 1940 fuerat,
478 1875 508 1933 in
523 1873 691 1950 superbiam
706 1874 992 1951 dominationemque
1005 1891 1037 1934 se
1052 1877 1125 1934 con-³

146 1959 242 2027 vortit,
263 1959 405 2017 inmutato
427 1973 510 2016 more
530 1972 627 2016 annua
643 1957 756 2035 inperia
776 1955 920 2033 binosque
941 1958 1159 2035 inperatoresao

40 2109 46 2117 ,
144 2041 200 2102 sibi
214 2040 327 2102 iecere:
352 2038 490 2099 eomodo
505 2041 635 2100 minuam
650 2047 737 2118 posse
755 2037 899 2120 putabant
910 2057 964 2118 per
978 2039 1124 2102 licentiam
1162 2032 1164 2042 '

115 2124 322 2188 'linsolcscerc
338 2125 466 2183 animum
486 2122 657 2184 humanum.
692 2121 743 2183 Set
759 2141 794 2202 ea
810 2128 981 2198 tempestate
999 2141 1124 2202 coepere

145 2227 177 2270 se
200 2210 323 2288 (piisque
338 2209 431 2284 magis
446 2205 584 2268 extollere
599 2207 750 2284 magisque
766 2206 916 2281 ingenium
937 2207 967 2266 in
984 2215 1124 2286 promptu

8 2310 9 2316 ¹
123 2293 268 2355 thabere.
306 2293 380 2353 llam
399 2289 519 2368 regibus
539 2289 609 2350 boni
632 2307 720 2369 quam
740 2288 809 2350 mali
829 2291 1025 2368 suspectiores
1043 2299 1119 2360 sunt,

120 2386 320 2454 asemperque
335 2377 376 2446 eis
388 2373 481 2436 aliem
494 2376 586 2436 virtus
601 2373 791 2436 formidulosa
806 2380 858 2436 est.
890 2373 941 2434 Set
958 2375 1056 2436 civitas
1073 2377 1117 2434 in·
1126 2396 1152 2436 25

146 2458 286 2520 credibile
301 2464 465 2517 memoratu
484 2465 528 2518 ost
541 2458 645 2534 adepta
656 2456 788 2518 bbertatc
803 2466 944 2535 quiantum
963 2457 1045 2530 brevi
1060 2476 1124 2520 cre·

121 2545 236 2607 averit:
247 2547 327 2602 tanta
338 2540 444 2618 cupido
455 2540 566 2615 gloriae
579 2541 746 2599 incesserat.
767 2541 828 2599 lam
841 2542 968 2617 primum
979 2542 1123 2610 iuventus,

147 2624 233 2688 simul
248 2643 283 2685 ac
293 2622 362 2684 belli
377 2623 494 2703 patiens
505 2631 580 2688 erat,
599 2623 629 2681 in
645 2624 747 2682 nastris
763 2639 817 2700 per
832 2622 964 2683 laborem
981 2641 1036 2684 usu
1049 2624 1124 2686 mili·

111 2777 119 2794 ·
149 2713 218 2770 tiam
229 2707 367 2774 discebat,
381 2707 532 2784 magisque
542 2707 572 2766 in
586 2705 699 2766 decoris
712 2701 801 2766 minis
812 2713 841 2766 et
851 2705 1024 2768 militaribus
1042 2710 1124 2788 equis

125 2803 240 2873 squam
253 2793 284 2852 in
299 2790 404 2849 scortis
418 2796 505 2867 atque
524 2791 660 2850 conviviis
677 2788 838 2850 lubidinem
847 2790 1004 2852 habebant.
1033 2793 1124 2869 lgitur
1134 2815 1162 2858 ao

148 2877 253 2938 talibus
272 2874 342 2936 viris
362 2889 422 2932 non
439 2870 523 2934 labor
536 2873 682 2942 insolitus,
705 2890 768 2934 non
786 2873 799 2940 l,
817 2891 870 2936 cus
883 2874 961 2936 ullus
975 2873 1062 2954 asper
1077 2882 1126 2936 aut

151 2960 260 3022 arduus
275 2964 351 3026 erat,
369 2973 430 3017 non
442 2963 570 3018 armatus
582 2957 674 3018 hostis
685 2892 908 3018 lormiddlosus:
923 2961 1015 3020 virtus
1030 2961 1126 3022 omnia
1146 2997 1149 3008 ·

125 3046 310 3109 edomuerat.
334 3041 385 3102 Set
394 3038 504 3118 gloriae
519 3057 689 3102 maxumum
703 3049 851 3103 cacumen
865 3043 942 3104 inter
957 3046 1035 3122 ipsos
1048 3049 1124 3104 erat:

150 3147 182 3190 se
197 3127 320 3206 quisque
334 3123 449 3185 bostem
464 3123 562 3194 scrire,
576 3143 696 3186 murum
708 3126 896 3196 adscendere,
913 3127 1041 3203 conspici
1056 3125 1126 3186 dum

75 3216 93 3293 p
150 3211 207 3274 tale
220 3210 338 3270 lacinus
347 3206 465 3278 laceret,
480 3209 672 3287 properabat:
688 3227 739 3270 eas
749 3210 869 3280 divitias,
883 3229 947 3273 eam
962 3210 1069 3268 bonam
1081 3208 1124 3269 la·
1133 3231 1161 3274 aa

151 3313 228 3358 mam
252 3308 445 3370 magnamque
466 3291 646 3354 nobilitatem
667 3292 823 3372 putabant:
842 3294 939 3359 ,lanus
961 3290 1051 3360 avidi,
1074 3309 1125 3372 pe·

152 3381 255 3440 cuniae
268 3375 404 3437 liberales
418 3384 517 3437 erant:
538 3378 662 3456 gloriam
678 3379 840 3454 ingentem,
864 3377 974 3440 divitias
988 3374 1126 3438 honestas

130 3462 300 3523 replebant.
335 3459 497 3522 Memorare
511 3478 628 3541 possem
643 3461 748 3543 quibus
763 3465 799 3524 in
809 3461 880 3522 locis
901 3477 1052 3523 mmumas
1072 3453 1126 3522 b'o·
