2536 3936
184 229 224 292 36
298 251 340 290 nu
363 248 533 291 oarrnrnan
557 247 795 308 oonrvnnrrorur
819 247 846 290 c.
868 239 911 293 59.
933 237 976 292 6⁰·
998 236 1044 292 61.

183 397 328 465 militaris,
348 397 426 475 quod
440 395 564 475 amplius
579 413 671 458 annos
684 397 801 473 triginta
814 393 949 456 tribunus
963 402 1013 456 aut
1026 394 1162 475 praefec-

183 489 230 541 tus
252 488 302 541 aut
322 480 434 557 legatus
455 488 505 541 aut
519 487 636 559 praetor
659 497 726 540 cum
747 495 853 556 magna
873 478 964 556 gloria
979 479 1009 539 in
1029 481 1162 540 exercitu
1254 521 1255 534 .

184 563 287 634 fuerat,
308 564 464 643 plerosque
485 565 563 641 ipsos
583 562 718 641 factaque
739 581 842 623 eorum
860 561 946 622 fortia
967 569 1103 623 noverat:
1126 581 1163 624 ea

185 648 431 708 conmemorando
448 647 571 708 militum
591 649 703 708 animos
725 645 913 707 adcendehat.

134 733 173 795 60
267 732 316 792 Set
330 730 382 792 ubi
397 730 531 791 omnihus
547 731 637 794 rebus
648 729 803 808 exploratis
813 730 945 791 Petreius
958 727 1029 788 tuba
1044 729 1184 805 signums

164 842 167 849 ·
187 815 249 884 dat,
270 815 398 875 cohortis
418 814 556 892 paulatim
574 814 711 876 incedere
731 813 826 881 iubet,
849 812 926 872 idem
946 812 1015 872 facit
1034 811 1162 872 hostium

159 899 339 974 texereitus.
377 897 536 976 Postquam
555 917 589 960 eo
608 904 726 959 ventum
748 904 806 966 est,
829 895 906 957 unde
929 895 974 976 [a]
997 895 1163 956 ferentariis

184 981 329 1060 proelium
343 983 473 1041 conmitti
485 990 591 1059 posset,
608 999 745 1043 maxumo
760 979 887 1041 clamore
899 997 967 1040 cum
982 979 1093 1040 infestis
1104 981 1162 1056 sig-

159 1067 231 1128 anis
244 1070 433 1134 concurrunt,
448 1065 506 1143 pila
522 1069 667 1135 omittunt,
683 1064 785 1142 gladiis
802 1081 851 1125 res
864 1065 985 1140 geritur.
1015 1063 1161 1130 Veterani,

185 1149 324 1226 pristinae
345 1150 458 1209 virtutis
479 1167 640 1218 memores,
664 1150 826 1209 comminus
846 1148 952 1208 acriter
972 1149 1093 1216 instare,
1122 1147 1197 1211 illim

159 1229 257 1296 lhaut
272 1233 363 1294 timidi
377 1234 530 1292 resistunt:
547 1250 683 1294 maxuma
702 1234 729 1292 vi
744 1238 881 1293 certatur.
911 1231 1025 1292 Interea
1042 1230 1162 1292 Catilina

187 1333 254 1378 oum
265 1315 405 1393 expeditis
415 1317 445 1375 iu
455 1317 549 1394 prima
561 1318 622 1376 acie
633 1316 753 1383 vorsari,
766 1312 966 1374 laborantibus
977 1332 1161 1383 succurrere,

186 1401 316 1475 integros
336 1415 390 1477 pro
412 1399 517 1458 sauciis
539 1415 706 1466 accersere,
729 1398 826 1458 omnia
846 1398 1016 1476 providere,
1039 1397 1163 1459 multum

187 1484 249 1561 ipse
270 1497 417 1560 pugnare,
439 1497 526 1560 saepe
544 1482 658 1544 hostem
676 1482 781 1543 ferire:
803 1483 915 1543 strenui
935 1481 1032 1543 militis
1049 1489 1078 1543 et
1094 1481 1164 1542 honi

161 1567 362 1647 binperatoris
383 1563 478 1627 officia
499 1566 585 1628 simul
612 1565 822 1645 exequebatur,
863 1566 995 1627 Petreius
1015 1565 1067 1626 uhi
1086 1565 1197 1629 videtu

189 1648 349 1721 Catilinam,
367 1657 468 1712 contra
480 1669 515 1712 ao
529 1658 610 1712 ratus
620 1658 692 1720 erat,
709 1667 814 1728 magna
828 1651 855 1710 ai
869 1651 999 1719 tendere,
1013 1649 1165 1711 cohortem

188 1737 364 1811 praetoriam
377 1737 408 1796 in
418 1735 530 1796 medios
539 1734 631 1795 hostis
642 1735 752 1796 inducit
763 1752 870 1813 eosque
881 1734 1068 1812 perturbatos
1079 1741 1165 1811 atque

190 1817 260 1877 alios
275 1817 342 1879 alibi
357 1820 516 1879 resistentis
530 1819 680 1879 interficit:
697 1816 801 1878 deinde
815 1819 962 1895 utrimque
978 1836 1013 1878 ex
1025 1815 1167 1877 lateribus

163 1909 305 1966 acetaros
321 1900 498 1975 adgreditur.
535 1898 658 1960 Manlius
680 1906 709 1960 et
729 1898 907 1958 Faesulanus
924 1900 954 1958 in
972 1900 1073 1977 primis
1090 1915 1167 1975 pug-

163 1988 291 2046 7nantes
313 1981 428 2042 cadunt.
459 1981 751 2060 Catilinapostquam
771 1982 849 2040 lhsas
870 1982 968 2059 copias
986 1997 1077 2060 seque
1099 2000 1202 2047 cumae
1253 1979 1254 1982 ’

189 2066 290 2143 paucis
311 2063 445 2126 relictum
464 2065 549 2133 ridet,
565 2083 678 2126 memor
698 2065 814 2142 generis
833 2071 920 2144 atque
938 2066 1076 2143 pristinae
1095 2083 1167 2127 suae

190 2150 349 2227 dignitatis,
371 2151 403 2210 in
420 2150 657 2211 confertissumos
669 2149 762 2210 hostis
778 2149 902 2215 incurrit
917 2147 1015 2228 ibique
1032 2163 1167 2228 pugnans

138 2246 141 2250 ·
191 2233 365 2296 confoditur.
1253 2253 1254 2290 1

141 2322 178 2385 61
274 2319 325 2380 Set
338 2338 392 2380 con
395 2319 470 2380 fecto
481 2317 593 2398 proelio
604 2325 668 2380 tum
681 2334 751 2379 vero
762 2335 909 2386 cerneres,
925 2325 1032 2396 quanta
1046 2315 1167 2378 audacia
1253 2341 1254 2376 r

166 2409 357 2498 equumque
379 2405 466 2463 animi
479 2405 522 2464 vis
534 2402 657 2464 fuisset
649 2421 678 2464 m
694 2404 824 2464 exercitu
838 2401 983 2463 Catilinae.
1016 2401 1090 2462 Nam
1104 2399 1254 2463 fereae
1253 2437 1254 2469 r

193 2502 280 2564 quem
301 2486 423 2562 quisque
443 2488 523 2545 vivus
542 2487 700 2562 pugnando
713 2479 819 2548 locum
826 2492 957 2564 ceperat,
979 2501 1046 2545 eum
1062 2485 1169 2544 amissa

167 2568 288 2642 ganima
307 2582 432 2643 corpore
446 2567 571 2642 tegebat.
607 2567 696 2628 Pauci
712 2575 824 2636 autem,
847 2585 921 2646 quos
934 2567 1045 2627 medios
1061 2567 1169 2626 cohors

192 2649 338 2728 praetoria
358 2649 531 2730 disiecerat,
543 2651 629 2727 paulo
650 2651 793 2710 diversius
811 2653 869 2711 olas
887 2651 959 2710 alebi
978 2655 1102 2721 stantes,
1123 2657 1171 2711 set

168 2747 296 2797 ⁴somnes
307 2739 405 2792 tamen
423 2732 551 2792 advorsis
563 2732 729 2792 volueribus
738 2733 938 2794 conciderant
962 2730 1081 2792 Catilina
1097 2751 1170 2794 vero

145 2817 281 2895 louge
301 2836 317 2879 a
339 2818 399 2878 suis
414 2817 490 2876 inter
506 2816 633 2876 hostium
647 2816 787 2877 cadavera
799 2823 935 2894 repertus
946 2822 998 2884 est,
1017 2813 1170 2894 paululum
1179 2837 1207 2880 ao

197 2903 282 2963 etiam
297 2902 409 2979 spirans
413 2900 619 2977 ‘ferociamque
634 2902 735 2970 animi,
758 2918 844 2998 quam
858 2899 1002 2962 habuerat
1020 2901 1114 2968 vivus,
1137 2901 1170 2960 in

172 2969 275 3050 svoltu
295 2987 434 3046 retinens.
473 2983 626 3044 Postremo
644 3003 679 3045 ex
697 2985 776 3046 omni
798 2985 880 3062 copia
898 3001 994 3064 neque
1008 2985 1038 3045 in
1055 2981 1170 3062 proelio

172 3081 293 3145 eneqtre
308 3070 337 3128 in
352 3068 421 3147 fuga
431 3067 584 3168 quisquam
598 3070 667 3129 civis
678 3068 820 3146 ingenuus
835 3075 1005 3147 captusest·
1018 3071 1057 3129 ita
1072 3069 1171 3129 cuncti

174 3167 270 3216 tsnae
286 3150 469 3230 hostiumque
482 3153 555 3213 vitae
571 3153 650 3212 iuxta
664 3159 864 3231 pepercerant.
893 3151 994 3232 Neque
1009 3158 1104 3212 tamm
1118 3169 1172 3211 ex·

199 3235 307 3298 erertus
317 3235 545 3312 popuhllomanr
557 3236 660 3297 laetam
669 3243 717 3297 aut
728 3238 910 3297 incruentam
920 3237 1068 3297 nctonam
1079 3234 1171 3311 adep
1157 3259 1208 3300 -25

199 3327 247 3380 tus
261 3323 337 3379 erat
352 3334 420 3378 nam
436 3321 662 3381 strenuissumus
678 3322 799 3400 quisque
813 3327 862 3382 aut
877 3309 1045 3380 occiderat
1038 3335 1067 3379 m
1081 3334 1171 3396 proe-

175 3401 253 3472 suo,
277 3407 326 3462 aut
339 3404 464 3478 graviter
482 3403 648 3466 volneratus
670 3405 848 3466 discesserat.
890 3401 983 3491 hlulp
991 3408 1096 3471 autem,
1119 3403 1171 3480 qui

202 3503 219 3546 e
233 3486 334 3556 caenis
346 3484 459 3546 visundi
473 3494 523 3547 aut
537 3490 679 3567 spoliandi
689 3491 780 3568 gratia
794 3493 1009 3568 processerant,
1023 3485 1172 3546 volventes
