2548 3930
167 105 208 170 68
374 125 416 166 nn
438 120 540 176 annno
561 121 761 168 xvcvnrruuo
785 127 814 170 o.
836 119 881 173 ts.
902 119 945 172 50.

732 247 734 258 ,
823 227 831 248 ,

104 271 158 334 ·49
252 273 344 350 Igitur
358 273 389 332 in
410 287 446 331 eo
461 269 550 339 dolie,
566 289 654 349 quem
669 278 839 334 transvorso
858 277 962 336 itinere
976 281 1162 354 porrectum

168 357 334 424 docuimus,
357 353 499 431 Iugurtha
514 359 671 415 extenuata
687 355 838 438 [suorum]
856 360 917 419 acie
932 359 1072 426 consedit,
1089 359 1153 419 ele·

167 441 283 519 phontis
298 446 327 501 et
343 441 419 518 parti
433 439 585 516 copiarum
599 439 781 516 pedestrium
794 441 989 502 Bomilcarem
1004 441 1154 520 praefecit

168 541 293 603 eumque
308 524 411 585 edocet
423 537 498 600 quac
510 527 620 597 ageret,
635 524 699 601 ipse
714 527 834 602 propior
848 534 977 586 montem
989 529 1154 586 cumomni

141 610 298 686 sequitur
317 605 506 685 etpeditibus
522 605 641 666 delectis
661 623 730 667 suos
747 608 889 670 conlocat.
923 609 996 669 Dein
1017 609 1178 685 singulass
1254 586 1255 666 i

167 698 279 752 turmas
307 698 336 752 ct
357 688 521 767 manipulos
544 691 719 751 circumiens
744 699 844 753 monet
864 700 952 772 atque
974 691 1151 762 obtestatur,

167 778 211 835 uti
231 791 377 836 memores
389 775 537 852 ,pristinae
556 775 669 834 virtutis
690 782 719 835 ot
730 777 868 836 victoriae
883 794 948 837 sese
964 792 1153 855 regnumque

84 931 86 940 ,
168 875 255 920 suum
269 859 306 919 ab
321 858 522 919 Romanorum
537 859 654 918 avaritia
671 858 841 920 defendant:
857 878 925 920 oum
941 863 983 920 eis
999 866 1153 920 certamen
1255 869 1256 910 3

163 942 247 1012 lore,
274 958 347 1021 quos
374 948 459 1004 antec
484 941 651 1003 victos'sub
675 944 776 1021 iugum
797 945 943 1005 miserint:
967 944 1073 1004 ducem
1092 943 1180 1034 illis¹

82 1061 85 1074 ·
167 1043 229 1095 non
251 1027 380 1087 animum
393 1031 551 1086 mutatum:
576 1043 650 1104 quae
667 1027 703 1087 ab
721 1029 888 1106 inperatore
904 1028 1065 1097 decuerint,
1082 1044 1148 1087 om·
1163 1051 1190 1091 ro
1255 1099 1256 1114 χ

169 1110 218 1169 nia
233 1111 298 1171 suis'
306 1112 436 1189 provisa,
452 1109 551 1170 locum
566 1111 764 1187 superiorem,
779 1119 826 1173 ,ut'
838 1113 998 1190 prudentes
1021 1129 1088 1171 cum
1104 1112 1152 1171 in-

169 1195 298 1269 peritis,¹
310 1213 353 1256 ne
378 1196 533 1273 pauciores
556 1210 623 1252 cum
644 1193 778 1271 pluribus
799 1201 850 1256 aut
869 1196 960 1256 rudes
983 1213 1050 1255 cum
1071 1192 1153 1254 bello

143 1277 340 1342 amelioribus
361 1295 481 1338 manum
504 1283 707 1337 consererent:
730 1278 854 1356 proinde
873 1280 967 1357 parati
988 1279 1159 1356 intentique,

170 1367 269 1421 essent
283 1364 366 1439 signo
383 1361 450 1421 dato
464 1360 613 1422 Romanos
627 1361 778 1423 invadere:
798 1362 880 1422 illum
895 1364 971 1423 diem
990 1369 1040 1423 ant
1055 1363 1154 1421 omnis

169 1443 286 1505 labores
301 1452 330 1506 et
344 1445 479 1506 victorias
495 1445 737 1506 confirmaturum
752 1452 802 1507 aut
815 1463 1018 1508 maxumarum
1034 1463 1153 1506 aerum·
1166 1469 1193 1508 rs

143 1537 276 1590 tuarum
290 1531 404 1591 initium
422 1529 503 1590 iore:
523 1529 560 1590 ad
580 1529 638 1589 boc
652 1531 772 1600 viritim,
795 1533 838 1592 uti
855 1549 1001 1609 quemque
1024 1529 1061 1590 ob
1075 1527 1153 1589 mili·

171 1619 234 1673 tare
257 1614 369 1676 lacinus
391 1617 515 1693 pecunia
538 1620 587 1675 aut
603 1614 717 1676 bonore
735 1615 885 1685 extulerat,
909 1615 1154 1675 conmonefacere

170 1696 288 1760 benidci
305 1701 351 1760 sui
365 1706 394 1760 et
410 1717 478 1761 eum
493 1701 590 1778 ipsum
607 1698 670 1758 aliis
689 1706 850 1776 ostentare:
866 1706 1015 1780 postremo
1030 1715 1085 1774 pro
1100 1714 1154 1756 cu-

173 1782 277 1860 iusque
300 1785 416 1860 ingenio
438 1782 603 1861 pollicendo
623 1783 783 1843 minitando
799 1780 1075 1850 obtestandoalium
1096 1779 1154 1840 alio

145 1866 259 1932 amodo
291 1869 436 1934 excitare,
466 1884 533 1925 cum
560 1867 677 1924 interim
700 1864 846 1933 Metellus,
875 1867 995 1940 ignarus
1024 1864 1193 1925 hostiumn

64 1945 65 1950 ’
171 1953 270 2008 monte
285 1948 459 2026 degrediens
474 1966 541 2008 cnm
560 1949 700 2015 exercitu,
719 1950 919 2026 conspicatur,
937 1948 1033 2023 primo
1046 1945 1156 2007 dubius

173 2031 312 2110 quidnam
334 2031 449 2092 insolita
470 2031 560 2092 iacbs
582 2029 750 2091 ostenderet
778 2065 812 2074 -
837 2048 905 2090 narn
932 2032 1007 2090 inter
1030 2030 1156 2106 virgulta

173 2117 241 2195 equi
259 2115 459 2196 Numidaeque
483 2115 692 2184 consederant,
714 2132 811 2192 neque
830 2114 917 2192 plane
941 2113 1077 2175 occultati
1098 2113 1157 2176 bu-

172 2201 292 2263 militate
310 2201 503 2284 arborumct
519 2208 617 2261 tamen
631 2200 735 2259 incerti
752 2200 890 2277 quidnam
905 2204 995 2266 esset,
1019 2214 1086 2258 cum
1100 2214 1155 2258 na·

172 2292 240 2347 tura
258 2288 315 2348 loci
331 2295 394 2348 tum
411 2285 478 2350 dolo
499 2287 554 2364 ipsi
569 2291 655 2364 atque
676 2285 758 2359 signa
776 2280 1079 2344 militariaobscuran
1104 2299 1194 2350 —,oc

148 2371 250 2432 ddein'
264 2371 347 2432 brevi
364 2373 487 2447 cognitis
503 2371 614 2430 insidiis
635 2368 783 2448 paulisper
798 2384 903 2445 agmen
923 2366 1077 2426 constituit
1109 2362 1157 2425 Ibi

174 2456 349 2516 conmutatis
360 2454 511 2532 ordinibus
522 2455 552 2513 in
559 2454 661 2514 dextro
672 2451 773 2520 latere,
786 2451 865 2529 quod
875 2467 1052 2528 proxumum
1061 2447 1157 2507 hostis

174 2544 252 2606 erat,
273 2535 435 2613 triplicibus
456 2534 592 2595 subsidiis
613 2538 706 2596 aciem
726 2531 877 2603 instruxit,
897 2535 973 2593 inter
989 2531 1157 2608 manipulos

175 2620 337 2681 funditores
356 2624 385 2678 et
398 2620 561 2695 sagittarios
580 2619 720 2695 dispertit,
738 2618 896 2695 equitatum
912 2632 1029 2676 omnem
1041 2617 1071 2675 in
1087 2632 1156 2675 cor-

175 2705 261 2766 nibus
275 2694 362 2772 looat,
382 2719 416 2762 ac
430 2719 524 2780 pauca
545 2719 600 2778 pro
621 2707 753 2777 tempore
773 2699 879 2758 milites
896 2698 1032 2774 'hortatus
1050 2700 1155 2768 aciem,
1166 2714 1194 2757 ao

176 2789 261 2850 sicuti
281 2790 452 2855 instruerat,
473 2785 648 2845 transvorsis
668 2783 817 2861 principiis
839 2783 868 2842 in
887 2781 1007 2861 planum
1027 2781 1155 2842 deducit.

126 2872 167 2935 50
178 2873 228 2934 Set
242 2873 293 2934 ubi
306 2871 445 2933 Numidas
464 2869 577 2949 quietos
592 2885 687 2946 neque
707 2865 780 2926 colle
801 2865 923 2944 degredi
941 2865 1155 2933 animadvortit,

177 2959 287 3017 veritus
307 2975 342 3016 cx
359 2956 571 3032 annitemporc
593 2957 621 3011 et
642 2952 739 3028 inopia
754 2967 859 3028 aquae,
879 2969 917 3010 ne
931 2951 978 3010 siti
992 2949 1155 3020 conficere·

177 3046 226 3100 tur
243 3041 400 3107 exercitus,
424 3040 458 3098 P.
477 3036 617 3097 Rutilium
634 3034 761 3112 legatum
785 3052 852 3094 cnm
869 3034 1010 3113 expeditis
1027 3033 1156 3093 cohorti-

178 3124 235 3185 bus
251 3127 280 3182 et
291 3127 374 3199 parte
390 3123 519 3200 equitum
535 3113 685 3197 praemisit
700 3119 736 3177 ad
749 3117 868 3187 flumen,
884 3119 927 3177 nti
939 3117 1038 3177 locum
1053 3117 1157 3180 cestris
1167 3133 1194 3172 cs

180 3210 375 3282 antecaperet,
398 3206 574 3266 existumans
592 3203 683 3263 hostis
701 3201 806 3262 crebro
821 3203 922 3280 inpetu
936 3205 965 3261 et
980 3200 1156 3264 transvorsis

180 3290 298 3368 procliis
320 3289 375 3346 iter
395 3303 480 3347 suum
501 3293 701 3347 remoraturos
723 3292 752 3346 ct
773 3287 909 3364 quoniam
934 3285 1021 3344 armis
1041 3282 1154 3343 diffide·

154 3381 256 3442 trent
271 3369 470 3432 lassitudinem
484 3377 513 3431 et
526 3371 601 3431 sitim
616 3369 739 3431 militurn
748 3373 947 3445 temptatuvos.
967 3365 1076 3426 Deinde
1091 3368 1155 3444 ipse

1256 1673 1259 1756 i
