2536 3936
248 220 291 266 ns
312 219 483 262 οιιιιιιιιιι
503 219 744 263 ιοιιιιιιιιιιοιιι
769 219 794 262 e.
812 211 853 264 52.
872 213 913 266 53.
934 253 937 258 ,
1029 203 1066 268 31
1159 220 1164 229 '

86 366 160 430 licet
182 382 231 426 res
248 368 311 444 ipsa
328 384 432 446 aspera
454 373 510 435 est,
528 374 577 431 ,set
597 383 649 428 vos
670 383 735 428 non
744 369 851 428 timetis
871 386 945 430 eam.
979 369 1073 438 lmmo

92 467 162 513 vero
181 468 333 514 maxume:
355 457 400 511 set
419 452 523 512 inertia
539 457 568 510 et
576 450 703 514 mollitia
718 453 807 512 animi
828 450 901 512 alius
918 451 1007 512 alium
1021 471 1071 512 ex·

91 540 241 610 pectantes
257 536 443 604 cunctamini,
454 533 588 595 videlicet
603 535 665 598 deis
679 533 883 596 inmortalibus
894 537 1003 605 confisi,
1022 537 1072 614 qui

91 616 167 678 hanc
181 636 247 678 rem
265 617 415 696 publicam
432 635 520 695 saepe
540 619 569 678 in
585 620 731 680 maxumis
745 617 889 696 periculis
906 637 1068 690 servavere.
1177 619 1180 626 ’

40 723 43 730 ·
68 699 156 764 ιΝοιι
176 703 250 762 votis
265 719 361 780 neque
384 700 533 780 subpliciis
549 693 741 763 muliebribus
759 701 864 763 auxilia
873 703 1003 764 deorum
1019 721 1070 800 pa-
1080 705 1114 758 29

90 791 210 844 rantur:
228 784 381 861 vigilando,
398 786 522 862 agendo,
537 785 614 846 bene
625 785 804 850 consulendo
819 803 962 864 prospere
974 805 1074 846 omnia

91 867 213 928 cedunt:
233 867 285 930 urbi
303 869 454 930 socordiae
473 877 504 930 te
526 871 639 948 atque
631 871 762 946 ignaviae
776 871 945 938 tradideris,
968 871 1071 967 nequi-
1117 905 1123 910 -

11 993 16 998 -
91 968 179 1028 quam
201 952 282 1014 deos
280 951 431 1030 inplores:
455 955 521 1016 irati
540 953 695 1034 infestique
719 961 795 1026 sunt.
840 954 926 1032 Apud
945 968 1071 1014 ιιιιιοιιι
1081 953 1114 1005 30

90 1035 250 1098 nostros'l.
260 1035 384 1098 Manlius
395 1037 561 1116 Torquatus
572 1037 650 1099 bebo
662 1017 771 1100 Gallico
783 1037 874 1100 lilium
885 1055 980 1106 suum,
994 1038 1073 1116 quod

9 1191 11 1198 y
54 1137 80 1176 ιι
89 1135 114 1177 ιι
131 1121 253 1180 contra
245 1117 391 1218 inperium
411 1123 442 1182 in
456 1120 571 1184 hostem
585 1128 780 1200 pugnaverat,
802 1122 902 1181 necari
920 1123 1011 1189 iussit,
1029 1128 1075 1182 at
1142 1159 1145 1163 -

92 1219 148 1279 que
162 1201 211 1268 ille
227 1206 364 1281 egregius
380 1205 553 1266 adulescens
569 1206 769 1266 inmoderatae
784 1205 962 1266 fortitudinis
976 1212 1085 1266 morte¹

90 1303 201 1363 poenas
217 1288 312 1350 dedit:
333 1307 384 1350 ιιι
400 1290 437 1349 de
452 1289 671 1351 crudelissumis
691 1289 831 1367 paricidis
850 1289 920 1368 quid
940 1288 1112 1348 ιιιιιιιιιι31

92 1373 289 1441 cunctamini?
310 1371 452 1434 Videlicet
466 1380 563 1434 cetera
574 1376 632 1435 vita
643 1391 748 1450 eorum
762 1373 832 1434 huie
846 1372 952 1434 sceleri
966 1372 1071 1433 obstat.

90 1451 199 1547 Verum
220 1458 332 1533 parcite
353 1457 486 1554 dignitati
507 1457 636 1526 Lentuli,
660 1459 685 1517 si
705 1459 768 1536 ipse
787 1456 957 1536 pudicitiae,
983 1457 1008 1516 ιι
1029 1457 1071 1516 ιι-
1082 1458 1116 1510 32

53 1559 78 1598 ιι
90 1553 158 1598 mae
177 1555 260 1608 suae,
283 1529 384 1602 sidcis
399 1547 486 1618 atque
504 1540 671 1601 hominibus
689 1559 828 1617 umquam
845 1539 911 1600 ullis
925 1543 1071 1618 pepercit:

18 1679 23 1682 .
88 1622 231 1696 ignoscite
247 1622 367 1698 Cethegi
386 1623 608 1691 adulescentiae
628 1625 683 1684 nisi
703 1625 812 1682 iterum
831 1625 942 1699 patriae
962 1623 1073 1684 bellum
1081 1627 1115 1679 33

89 1703 167 1764 ιιιιι.
210 1705 286 1766 Nam
301 1705 371 1784 quid
390 1721 445 1782 ego
467 1706 504 1766 de
519 1705 642 1768 Gabinio
662 1705 778 1766 Statilio
792 1704 932 1783 Caepario
950 1704 1115 1784 loquarias
1163 1747 1165 1754 ,

32 1826 37 1830 -
90 1785 198 1863 quibus
213 1789 237 1847 si
255 1790 411 1868 quicquam
428 1807 565 1868 umquam
584 1791 668 1867 pensi
686 1790 804 1857 luisset,
826 1807 887 1848 non
903 1807 937 1849 ea
954 1786 1073 1849 consilia
1147 1839 1149 1845 ,

90 1870 126 1929 de
144 1888 178 1930 re
199 1871 317 1949 publiea
335 1873 515 1934 habuissent.
539 1873 707 1942 Postremo,
731 1880 828 1951 patres
856 1875 1026 1950 conscripti,
1047 1874 1071 1932 si
1082 1884 1115 1935 35
1158 1949 1160 1954 ,

53 1976 80 2016 ao
88 1953 274 2018 mehercules
294 1963 416 2035 peccato
435 1957 519 2019 locus
540 1965 625 2028 esset,
642 1957 727 2020 facile
743 1962 866 2036 'paterer
885 1976 937 2017 vos
957 1959 1019 2034 ipsa
1034 1975 1072 2030 re

90 2040 217 2116 remigi,
234 2043 372 2118 quoniam
387 2041 477 2102 verba
493 2043 691 2122 contemnitis:
707 2049 752 2102 set
766 2042 896 2120 undique
911 2043 1071 2102 circumve-

88 2122 131 2182 nti
146 2141 256 2186 sumus
285 2125 405 2186 Catilina
422 2144 490 2186 cum
506 2127 637 2188 exercitu
654 2125 788 2186 lancibus
802 2131 918 2202 urguet,
935 2123 982 2184 alii
997 2126 1072 2183 intra

88 2209 203 2268 moenia
219 2215 306 2287 atque
321 2211 352 2270 in
368 2213 434 2270 sinu
449 2208 560 2288 [urbis]
582 2215 651 2270 sunt
663 2209 772 2277 hostes,
794 2226 890 2286 neque
905 2208 1005 2285 parari
1021 2225 1072 2266 ne-

74 2307 148 2366 que
162 2291 275 2353 consuli
290 2295 446 2372 quicquam
464 2291 577 2352 occulte
591 2297 701 2370 potest:
725 2309 782 2369 quo
796 2291 889 2365 magis
909 2305 1073 2367 properan-

50 2374 162 2436 sedum
175 2381 228 2434 est

175 2458 281 2528 Quare
295 2460 335 2524 ita
356 2475 477 2519 censeo:
501 2477 568 2518 cum
588 2458 701 2520 nelarie
721 2457 840 2518 consilio
862 2456 1074 2519 sceleratorum
1082 2458 1116 2512 36

90 2541 195 2602 civium
216 2559 269 2604 res
286 2541 429 2622 publica
420 2560 451 2602 m
468 2559 604 2602 maxuma
625 2541 765 2624 pericula
776 2532 898 2610 venerit,
923 2542 1008 2620 eique
1029 2542 1074 2601 in·

89 2625 210 2686 dicioT.
230 2625 360 2688 Volturci
372 2633 402 2688 et
422 2625 587 2703 legatorum
603 2615 796 2703 Allobrogum
818 2627 940 2686 ιοιιιιιιι
958 2625 1073 2687 confes-

90 2710 172 2787 sique
187 2712 252 2780 sint‚
275 2701 395 2774 caedem
410 2710 545 2772 incendia
560 2709 673 2808 aliaque
688 2728 720 2772 se
740 2709 826 2783 foeda
841 2716 928 2788 atque
943 2709 1073 2770 crudelia

54 2815 80 2856 so
90 2792 243 2854 faemore
235 2812 266 2854 m
286 2797 355 2872 civis
373 2795 556 2874 patriamque
571 2795 734 2873 paravisse,
755 2794 792 2855 de
812 2793 968 2860 confessis,
988 2793 1074 2852 sicuti

91 2876 129 2936 de
142 2877 311 2940 manufestis
324 2897 427 2942 rerum
444 2877 624 2960 capitalium,
643 2897 727 2940 more
740 2880 885 2939 maiorum
898 2873 1072 2951 subplicium

91 2961 288 3024 sumundum!

175 3043 333 3134 Postquam
349 3045 419 3108 Cato
434 3047 560 3115 adsedit,
584 3045 753 3108 consulares
769 3059 871 3104 omnes
883 3043 1011 3121 itemque
1026 3060 1072 3104 se·
1060 3037 1122 3097 -53

91 3135 184 3191 natus
191 3145 298 3204 magna
319 3145 389 3208 pars
405 3132 578 3194 sententiam
594 3132 656 3191 eius
674 3128 808 3196 laudant,
827 3127 964 3199 virtutem
985 3128 1073 3188 animi
1140 3087 1164 3172 f

58 3234 82 3274 ιι
93 3213 129 3273 ad
145 3211 258 3278 caelum
269 3213 385 3274 lerunt
400 3212 531 3276 alualros
540 3216 725 3292 increpantes
735 3212 852 3272 timidos
865 3218 985 3280 vocant,
1003 3209 1073 3270 Cato
1260 3223 1261 3268 ι

94 3295 190 3357 clarus
211 3305 298 3378 atque
310 3313 435 3373 magnus
452 3297 591 3360 babetur:
613 3297 705 3360 senati
720 3297 870 3358 decretum
880 3296 913 3356 lit
932 3296 1006 3354 ιιιιιι
1024 3291 1073 3351 ille

9 3383 12 3392 '
95 3387 257 3442 censuerat.

179 3465 230 3529 Set
250 3467 321 3546 mibi
335 3466 425 3529 multa
440 3467 563 3544 legenti,
579 3465 669 3528 multa
688 3451 829 3536 audienti,
853 3481 927 3544 quae
944 3461 1097 3540 populus2

250 3760 275 3799 Ι·
