2536 3936
127 277 129 284 Α
194 197 241 268 211Ι
309 217 350 256 os
374 215 544 262 curremus
569 215 808 260 oosrveamonn
831 214 857 255 c.
880 205 922 260 39.
943 205 988 258 4ο.
1008 209 1050 260 41.
1100 253 1104 264 ,,

193 361 336 430 licuisset,
357 365 426 440 quin
442 363 561 424 defessis
580 368 609 421 et
625 361 805 438 exanguibus
822 364 871 439 qui
885 361 951 441 plus
966 368 1064 439 posset
1081 364 1163 439 inpe-

167 447 269 510 trium
285 453 370 529 atque
384 447 546 508 libertatem
561 450 756 523 extorqueret,
777 444 873 505 Fuere
886 452 984 519 tamen
997 450 1079 504 extra
1094 463 1162 505 oon·
1250 505 1251 508 ,

191 531 362 590 iurationem
378 530 540 607 conplures,
565 530 615 606 qui
632 529 669 588 ad
681 527 833 588 Catilinam
848 529 928 588 initio
946 527 1069 605 proiecti
1084 536 1159 588 suot.
1250 537 1251 610 p

190 611 224 672 ln
247 614 365 694 riserat
377 615 410 672 Α.
425 611 555 680 Fulvius,
574 613 717 672 senatoris
734 609 824 678 iilius,
842 629 930 690 quem
949 609 1109 671 retractum
1126 623 1162 685 [cx

165 695 294 759 uitiuere
315 695 422 774 pareus
448 697 547 755 necari
574 695 664 755 iussit.
707 694 823 755 Eisdem
849 694 1031 772 temporibus
1053 694 1188 755 Romaes

191 778 340 846 Lentulus,
362 780 446 838 sicuti
464 778 584 839 Catilina
597 784 796 861 praeceperat,
820 794 1019 856 quoscumque
1032 778 1163 838 moribus

175 869 241 921 ·aut
263 862 380 944 fortuna
395 861 477 922 no‘vis
492 861 715 922 rebusidoneos
732 860 882 929 credebat,
906 868 955 920 aut
971 863 1033 938 ipse
1048 868 1098 922 aut
1108 879 1163 941 per

165 1019 167 1027 y
191 943 262 1003 alios
278 943 458 1014 sollieitabat,
476 964 572 1024 neque
586 945 680 1006 solum
697 947 781 1014 civis,
804 951 849 1004 set
862 945 1002 1022 cuiusque
1019 937 1098 1004 modi
1113 961 1162 1021 ge·

34 1040 55 1086 ‚⁴
77 1100 81 1111 1
140 1033 182 1096 40
192 1043 248 1089 nus
262 1027 429 1098 homiuum,
452 1024 631 1109 quodmodo
647 1029 723 1089 bello
737 1031 804 1089 usui
819 1027 904 1088 toret.
926 1029 1030 1104 ‘igitur
1044 1028 1077 1088 P.
1094 1028 1163 1088 Um-

61 1142 63 1147 ·
167 1118 169 1124 ’
192 1109 285 1184 breno
298 1112 412 1172 cuidam
425 1115 574 1189 negotium
588 1113 644 1181 dat,
656 1114 699 1171 uti
709 1112 819 1188 legatos
831 1110 1020 1188 Allobrogum
1034 1113 1165 1190 requirat
1173 1131 1201 1173 ro

192 1211 315 1271 eosque,
339 1195 364 1255 si
379 1199 477 1276 possit,
499 1193 617 1274 inpellat
639 1196 676 1254 ad
692 1197 859 1255 societatem
880 1193 963 1263 belli,
986 1195 1164 1255 existumans

190 1276 307 1355 publice
322 1281 514 1357 privatimque
530 1297 598 1352 aere
614 1278 706 1339 alieno
723 1277 891 1357 obpressos,
915 1285 1067 1356 praetereo
1085 1280 1164 1357 quod

173 1376 174 1384 ¹
190 1367 294 1420 natura
309 1377 381 1437 gens
395 1362 503 1424 Gallica
517 1361 653 1422 bellicosa
668 1368 757 1430 esset,
778 1361 863 1421 facile
878 1380 929 1422 eos
944 1361 980 1422 ad
995 1361 1051 1423 tale
1068 1364 1163 1422 consi·

165 1441 262 1507 olium
281 1445 385 1505 adduci
403 1437 498 1524 posse.
538 1445 717 1514 Umbrenus,
742 1445 820 1525 quod
843 1447 873 1505 in
890 1443 980 1508 Gallia
999 1446 1164 1522 negotiatus

191 1532 269 1594 erat,
292 1527 440 1608 plerisque
453 1528 634 1608 principibus
650 1530 806 1590 civitatium
821 1537 907 1589 notus
929 1535 992 1589 erat
1007 1536 1094 1608 atque
1112 1546 1164 1589 cos
1174 1547 1202 1589 rs

189 1617 324 1672 noverat:
340 1614 437 1692 itaque
452 1615 513 1674 sine
528 1631 619 1684 mora,
635 1613 687 1674 ubi
700 1615 826 1692 primum
842 1613 952 1692 legatos
966 1614 996 1672 in
1011 1612 1076 1690 loro
1092 1629 1164 1672 con·

99 1691 102 1698 ’
189 1696 297 1771 spexit,
320 1704 509 1774 percontatus
524 1715 617 1778 panca
638 1698 674 1759 de
694 1705 770 1760 statu
787 1699 908 1759 civitatis
922 1703 951 1758 et
965 1697 1046 1777 quasi
1060 1695 1164 1756 dolens

189 1779 251 1838 eius
268 1795 367 1840 casum
380 1784 533 1858 requirere
551 1782 654 1858 coepit,
672 1799 758 1858 quem
773 1783 881 1841 exitum
897 1782 984 1840 tantis
997 1779 1081 1839 malis
1097 1796 1163 1857 spe-

163 1866 296 1928 ararent.
319 1861 476 1939 Postquam
486 1861 550 1921 illos
560 1863 637 1921 videt
648 1862 782 1939 queri-de
796 1863 913 1922 avaritia
928 1863 1161 1936 magistratuum,

188 1957 326 2002 accusare
340 1949 472 2003 senatum
493 1944 571 2022 qdod
584 1945 614 2003 in
630 1961 664 2003 eo
679 1943 766 2005 auxili
782 1943 853 2003 nihil
869 1950 952 2011 esset,
967 1943 1091 2002 miseriis
1101 1944 1164 2004 suis
1173 1965 1202 2006 20

142 2079 145 2102 ι
187 2024 349 2086 remedium
363 2033 489 2087 mortem
504 2032 672 2102 expectare,
690 2033 728 2086 ‘at
741 2027 803 2102 ego’
817 2028 910 2106 inquit
922 2025 1021 2095 ‘vobis
1036 2026 1164 2090 simodo

187 2107 241 2166 viri
263 2125 326 2169 esse
348 2100 448 2179 sollio,
470 2112 613 2171 rationem
634 2109 802 2179 ostendam,
829 2127 885 2188 qua
907 2115 987 2171 tanta
1010 2111 1064 2170 ista
1085 2109 1163 2174 male

89 2241 94 2250 ,
188 2190 352 2269 effugiatis!
384 2193 464 2255 Haeo
478 2193 529 2255 ubi
552 2193 631 2263 dixit,
653 2190 824 2270 Allobroges
846 2196 876 2255 in
894 2212 1067 2256 maxumam.
1079 2212 1163 2274 spem

188 2275 305 2338 adducti
311 2277 494 2340 Umbrenum
505 2295 600 2348 orare,
611 2284 645 2340 ut
655 2279 699 2340 sui
708 2279 912 2339 misereretur:
924 2278 996 2339 nihil
1006 2285 1065 2338 tam
1078 2295 1163 2355 aspef

189 2375 257 2416 rum
269 2377 366 2438 neque
381 2369 441 2422 tam
457 2362 572 2424 difficile
586 2380 663 2432 esse,
681 2362 759 2442 quod
772 2379 832 2422 non
847 2362 1041 2443 cupidissume
1056 2361 1197 2423 facturirs

162 2447 297 2508 sessori,
327 2442 397 2501 dum
425 2462 459 2504 ea
479 2464 528 2506 res
550 2449 692 2507 civitatem
714 2464 781 2507 acro
803 2445 896 2508 alieno
917 2446 1064 2507 liberaret.
1110 2443 1162 2506 lllc

188 2523 283 2596 eosic
296 2522 418 2584 domum
431 2526 465 2585 11.
482 2527 566 2587 Bruti
582 2527 725 2605 perducit,
748 2529 827 2606 quod
840 2528 905 2588 foro
918 2531 1083 2612 propinqua
1099 2523 1163 2588 erit

187 2621 284 2683 neque
298 2605 390 2667 aliena
405 2608 512 2685 consili
520 2617 643 2696 propter
659 2609 876 2686 Semproniam:
891 2626 959 2668 nam
975 2609 1163 2690 tumBrutus

161 2687 223 2762 gab
238 2687 331 2750 Roma
349 2690 458 2752 oberat.
499 2691 655 2754 Praeterea
674 2690 827 2754 Gabinium
842 2693 972 2760 accersit,
990 2709 1048 2770 quo
1067 2692 1162 2753 maior

188 2776 344 2835 auotoritas
370 2777 498 2835 sermoni
525 2776 641 2836 inesset.
689 2775 732 2836 Eo
754 2781 906 2853 praesente
931 2775 1196 2858 coniurationemso

189 2860 296 2934 aperit,
320 2859 450 2920 nominat
463 2860 572 2928 socios,
592 2865 744 2938 praeterea
760 2856 867 2922 multos
884 2859 1024 2938 cuiusque
1043 2860 1160 2936 generis

189 2939 330 3016 innoxios,
347 2961 405 3024 quo
420 2943 522 3020 legetis
536 2946 649 3004 animus
664 2943 786 3021 amplior
801 2949 892 3003 esset:
909 2942 1014 3003 deinde
1031 2961 1081 3004 eos
1095 2943 1164 3021 pol-

116 3085 120 3100 ,
143 3019 281 3089 illicitos
302 3043 422 3102 operam
444 3045 527 3088 suam
548 3024 667 3088 domum
688 3026 810 3108 dimittit.
850 3026 900 3086 Set
918 3025 1090 3104 Allobroges
1109 3025 1159 3086 diu

165 3103 221 3168 ein
242 3099 354 3167 incerto
374 3110 520 3182 habuere,
543 3111 681 3190 quidnam
702 3111 803 3171 consili
825 3117 971 3188 caperent.
1014 3110 1047 3170 ln
1067 3108 1159 3169 altera

153 3213 155 3217 ·
190 3193 273 3266 parte
290 3191 357 3249 erat
374 3209 423 3252 aes
440 3194 565 3255 alienum
586 3195 712 3255 studium
726 3193 796 3255 belli
809 3209 914 3271 magna
934 3207 1048 3265 merces
1062 3193 1092 3252 in
1106 3208 1194 3270 specs

43 3293 44 3303 ¹
99 3307 102 3314 ι
190 3271 340 3340 victoriae,
361 3277 432 3335 atin
447 3278 536 3338 altera
550 3279 674 3340 maiores
688 3285 758 3356 opes
771 3284 834 3339 tuta
847 3276 963 3340 consilia
979 3293 1032 3354 pro
1048 3275 1158 3337 incerta
1248 3311 1249 3314 =

166 3370 242 3430 ospe
260 3361 338 3416 certa
352 3361 490 3437 praemia.
520 3361 598 3423 llaec
616 3362 671 3422 illis
688 3360 868 3422 volventibus
888 3359 1004 3422 tandem
1019 3359 1085 3418 vicit
1099 3360 1158 3419 ior·

167 3440 260 3502 atuna
275 3442 318 3501 rei
331 3439 473 3517 publicae.
498 3444 598 3525 ltaque
613 3447 646 3517 Q.
662 3445 752 3508 Fabio
764 3445 884 3522 Sangae,
901 3442 983 3504 ouius
997 3443 1157 3518 patrocinio
