2548 3930
205 223 245 286 61)
378 243 421 284 ou
438 243 540 286 nuno
563 243 763 314 1555555555
788 244 816 286 c.
836 235 879 288 31.
903 237 946 288 35
969 234 1012 293 36.
1041 273 1043 278 .

206 388 259 452 dra:
279 388 435 467 iugurthae
449 391 620 468 Bestiaeque
638 395 667 450 et
680 392 884 469 ceterisquos
897 387 945 449 ilia
961 388 1092 466 quaestio
1106 408 1181 450 exa-

205 471 321 552 gitabat,
340 476 428 536 mimi
445 481 613 552 augescunt.
944 471 951 486 ⁰

155 559 197 626 Bb
289 556 359 618 Brat
379 576 413 620 55
430 563 599 636 tempestate
619 555 729 616 Romae
753 555 876 616 Numida
898 555 1028 635 quidam,
1057 556 1180 616 nominc

205 633 334 708 11555155,
349 642 489 704 Gulussae
503 640 592 708 31155,
608 638 774 699 Masinissae
788 655 893 716 nepos,
912 641 974 718 qui,
992 639 1058 715 quia
1072 639 1103 698 in
1116 639 1179 698 dis·
1255 596 1256 678 1

204 726 339 786 nouom
359 741 462 802 regum
476 723 634 800 Iugurthae
654 723 794 782 advorsus
815 721 924 789 fuerat,
944 721 1039 782 dedita
1054 719 1132 780 (lima
1149 729 1201 784 ets

178 806 367 870 5113553515
385 808 537 868 1515515515
550 805 692 884 profugus
714 823 749 866 ex
764 805 857 885 patria
875 805 995 864 abierat.
1031 803 1105 863 Huic
1122 803 1176 881 Sp.

205 889 338 956 ulmus,
361 892 410 969 qui
431 907 575 967 proxumo
596 907 672 949 anno
687 896 754 966 post
772 889 898 950 Bestiam
913 906 979 947 cum
999 887 1033 958 Q.
1049 885 1178 948 Minucio

205 971 282 1032 11515
303 972 492 1034 consulatum.
505 972 639 1050 gerebat,
669 973 838 1050 persuadet,
861 971 996 1051 quoniam
1023 987 1059 1030 ex
1084 972 1179 1047 stirpe

206 1053 370 1118 Masinissae
387 1058 424 1116 sit
451 1057 678 1136 Iugurthamque
700 1055 738 1116 ob
760 1055 870 1116 scelera
894 1054 998 1114 invidia
1013 1070 1080 1113 cum
1095 1059 1179 1113 metu
1256 1054 1257 1130 1

179 1145 341 1214 turgueat,
364 1156 487 1238 regnum
500 1140 652 1202 Numidiae
667 1139 704 1200 ab
718 1146 820 1199 senatu
836 1144 923 1214 petat.
952 1136 1058 1196 Aridus
1074 1136 1212 1198 consulto
1256 1135 1257 1146 ¹

205 1221 274 1283 belii
285 1225 409 1300 geramus
428 1240 645 1302 moverequam
666 1240 819 1282 senescere
841 1223 937 1280 omnia
954 1219 1092 1280 malebat:
1119 1221 1177 1298 ipsi

177 1308 352 1386 1555515515
373 1307 522 1374 Numidia,
547 1306 672 1365 Minucio
698 1305 866 1375 Macedonia
893 1311 1037 1363 evenerat.
1091 1303 1177 1373 Quae

205 1395 358 1466 postquam
374 1389 495 1450 Massiva
509 1391 619 1466 agitare
640 1389 735 1465 coepit
750 1405 845 1465 neque
857 1385 1015 1463 Iugurthae
1031 1389 1060 1450 in
1075 1387 1177 1446 amicis

206 1473 273 1531 satis
289 1472 415 1550 praesidi
425 1478 477 1542 551,
490 1472 569 1551 quod
583 1487 685 1532 eorum
697 1471 784 1531 alium
796 1471 979 1539 conscientia,
995 1469 1084 1530 alium
1097 1468 1176 1530 mala

205 1553 281 1614 lama
303 1561 332 1615 et
346 1557 434 1616 timor
444 1554 622 1633 inpediebat,
636 1555 808 1623 bomilcari,
830 1571 974 1642 proxumq
991 1569 1025 1611 55
1039 1569 1177 1613 maxume
1186 1567 1208 1608 ra

205 1637 263 1698 Ildo
277 1637 341 1707 sibi,
355 1641 477 1718 inperat,
489 1641 598 1717 precio,
614 1640 699 1700 515511
710 1637 799 1699 multa
810 1637 982 1702 coniecerat,
993 1633 1176 1695 insidiatores

117 1714 121 1724 ’
205 1719 342 1783 Massivae
356 1731 447 1800 paret,
462 1739 497 1783 ac
511 1739 646 1784 maxume
660 1722 787 1782 occulte:
803 1723 848 1780 sin
863 1720 894 1780 id
905 1733 1009 1795 parum
1023 1717 1175 1794 procedat,

179 1805 305 1884 equoris
325 1806 412 1865 modo
430 1805 584 1865 Numidam
604 1806 765 1865 interficiat.
800 1802 944 1863 Bomilcar
964 1805 1076 1860 mature
1097 1801 1178 1877 regis

205 1887 339 1945 mandata
361 1888 512 1963 exequitur
534 1894 563 1945 et
577 1903 631 1962 per
641 1887 777 1946 homines
796 1885 861 1944 talis
879 1885 976 1959 negoti
991 1883 1115 1943 artifices
1129 1885 1177 1944 iti·

205 1983 275 2025 nera
291 1983 481 2044 egressusque
498 1969 574 2036 eius,
590 1973 737 2044 postremo
752 1967 816 2029 loca
827 1973 912 2045 atque
923 1973 1055 2047 tempora
1070 1974 1178 2028 555515
1188 1989 1213 2028 ao
1258 1970 1259 2028 3

181 2046 351 2124 oexplorat:
371 2049 483 2117 deinde,
499 2049 549 2108 ubi
569 2067 617 2109 res
631 2049 806 2127 postulabat,
824 2049 941 2108 insidias
955 2050 1055 2111 tendit.
1083 2050 1179 2127 Igitur
1258 2067 1259 2114 1

204 2143 280 2190 unus
299 2149 335 2191 ex
355 2149 390 2192 eo
409 2148 547 2200 nurnero,
575 2133 624 2211 qui
644 2132 681 2192 ad
700 2133 820 2193 caedem
846 2134 940 2210 parati
953 2140 1061 2201 erant,
1087 2133 1178 2210 paulo
1258 2151 1259 2204 1

204 2213 392 2275 inconsultius
406 2215 556 2276 Massivam
571 2215 756 2294 adgreditur:
772 2215 853 2277 illum
867 2215 1038 2286 obtruncat,
1055 2217 1178 2294 5511555

204 2297 403 2375 deprehensus
418 2299 515 2360 multis
532 2298 715 2359 hortantibus
731 2306 760 2360 51
777 2301 806 2360 15
820 2301 921 2378 primis
936 2298 1040 2359 Albino
1055 2300 1177 2360 consule

178 2379 341 2444 vindicium
352 2383 513 2460 5551115155.
541 2383 587 2443 111
596 2399 665 2443 5555
681 2385 773 2461 magis
784 2402 819 2444 ex
832 2399 925 2462 aequo
939 2382 1075 2462 bonoque
1087 2399 1176 2473 quam
1187 2402 1213 2442 aa

199 2480 240 2537 ¹ex
251 2463 321 2522 1555
337 2466 464 2540 gentium
479 2463 632 2534 Bomilcar,
647 2484 746 2526 comes
767 2469 828 2527 eius
846 2467 898 2544 qui
912 2464 1034 2526 Romam
1049 2465 1178 2542 111555-

118 2597 121 2605 .
178 2541 279 2605 ablica
300 2553 426 2606 venerat.
458 2548 494 2606 ht
515 2547 654 2625 Iugurtha
663 2550 847 2611 'manufestus
866 2551 940 2608 tanti
961 2547 1092 2616 sceleris,
1115 2567 1176 2608 non

118 2689 122 2698 ,
204 2629 285 2704 55155
303 2630 397 2687 omisit
418 2639 520 2690 contra
540 2647 642 2690 rerum
656 2633 722 2699 niti,
737 2649 829 2709 quam
843 2633 972 2692 animum
987 2631 1110 2692 advortit
1125 2650 1176 2693 su·

178 2721 256 2788 5555
267 2713 388 2788 gratiam
402 2717 487 2790 atque
501 2714 654 2790 pecuniam
668 2729 750 2774 suam
760 2714 970 2775 invidiamlacti
983 2731 1054 2775 esse.
1071 2713 1175 2792 Igitur,

204 2809 379 2874 quamquam
399 2797 429 2855 in
445 2796 537 2874 priori
556 2796 669 2857 actione
686 2815 721 2857 ex
737 2798 835 2857 amieis
857 2798 1062 2877 quinquaginta
1083 2798 1212 2860 radesso

204 2879 338 2948 dederat,
360 2895 453 2956 regno
468 2880 559 2956 magis
581 2897 669 2958 quam
684 2880 804 2940 vadibus
814 2881 968 2944 consulens
979 2881 1052 2943 clam
1067 2883 1097 2942 in
1112 2881 1177 2942 Nu·

203 2963 320 3022 midiam
334 2963 527 3024 bomilcarem
549 2961 678 3031 dimittit,
700 2965 808 3024 veritus
832 2982 869 3024 ne
884 2965 1009 3026 relicuos
1025 2962 1177 3042 popularis

196 3048 298 3104 metus
311 3048 459 3108 luraderet
472 3045 593 3128 parendi
610 3046 674 3115 sibi,
687 3047 711 3106 si
726 3047 762 3107 de
773 3046 822 3108 illo
838 3047 1011 3127 subplicium
1024 3054 1176 3125 sumptum

164 3125 289 3186 1015551.
312 3127 349 3186 111
368 3131 429 3207 ipse
450 3132 551 3208 pauois
569 3129 672 3190 diebus
687 3130 789 3190 eodem
802 3133 951 3209 proiectus
966 3139 1023 3202 est,
1047 3134 1142 3192 iussus
1159 3151 1176 3190 a

203 3215 305 3270 senatu
325 3209 404 3271 Italia
421 3213 571 3274 decedere.
608 3213 658 3274 Set
678 3220 831 3292 postquam
849 3213 941 3278 Roma
963 3231 1102 3292 egressus·
1119 3221 1175 3284 est,
1187 3237 1214 3278 aa

204 3292 299 3354 155155
318 3309 404 3370 55555
425 3313 460 3354 eo
475 3290 588 3357 tacitus'
599 3298 755 3374 respiciens
769 3303 918 3375 postremo
932 3299 1050 3360 dixisse:
1070 3295 1104 3374 ‘O
1120 3315 1175 3356 ur-

204 3374 272 3436 bem
293 3375 424 3436 55551555
442 3385 471 3436 51
483 3386 597 3440 mature
612 3382 779 3457 perituram,
799 3382 823 3438 si
838 3387 998 3457 emptorem
1011 3379 1176 3440 invenerit.'

153 3467 195 3528 36
286 3458 406 3518 Interim
420 3459 541 3521 Albinus
558 3470 697 3526 renovato
712 3461 788 3524 bello
804 3468 985 3524 conmeatum
997 3461 1178 3540 stipendium
