2548 3930
203 165 242 230 78
375 185 418 225 66
440 143 542 226 annno
564 171 763 224 ivevarhmo
784 181 812 222 c.
836 171 878 226 66.
901 169 944 224 66.
966 169 1010 225 66.
1058 179 1061 189 ’
1094 169 1096 174 ’

201 333 383 394 habiturum:
399 330 435 392 ab
449 325 617 409 inperatore
631 327 763 388 consulto
780 329 865 397 uehi,
882 328 961 406 quod
978 325 1066 386 homo
1084 326 1182 384 inanis

176 425 230 484 666
249 417 347 494 regiae
367 414 521 493 superbiae
542 414 656 491 inperio
678 413 763 472 nimis
783 412 932 489 gauderet.
959 410 1058 480 'Quae
1081 409 1177 469 omnia

201 501 261 570 illis¹
270 518 305 559 eo
316 500 445 560 6666666
459 497 639 565 videbantur,
657 495 735 574 quod
749 495 936 556 diuturnitate
949 492 1019 555 belli
1032 511 1081 554 res
1095 493 1178 552 iami-

201 584 280 643 liaris
297 589 509 660 conruperant,
534 587 562 642 66
579 582 677 640 animo
693 581 821 657 cupienti
841 579 913 639 nihil
927 579 995 638 satis
1015 578 1177 637 festinatur.
1248 583 1249 660 ᾗ

151 667 273 734 65E1ut
293 674 445 746 praeterea
461 667 491 725 in
508 666 639 725 exercitu
656 669 757 723 nostro
775 663 900 724 Numida
915 661 1042 740 quidam,
1060 661 1202 720 nominee
1248 715 1249 724 ,

203 749 318 819 Gauda,
333 748 640 816 Mastanabalis'filius,
656 747 822 808 Masinissae
835 765 942 824 nepos,
958 763 1046 823 quem
1059 743 1178 820 Micipsa
1199 765 1206 770 ·

201 839 373 895 testamento
391 833 551 894 secundum
567 831 711 893 heredem
720 834 886 910 scripserat,
902 829 1013 890 morbis
1027 827 1179 889 conlectus
1248 863 1249 896 6

176 925 232 980 tet
250 917 289 977 ob
311 934 375 976 eam
396 934 528 977 caussam
549 923 646 977 mente
661 913 810 993 paululum
826 916 976 975 inminuta.
1008 913 1061 974 Cui
1079 910 1179 972 Metel·

200 1000 248 1060 lus
258 1001 368 1078 petenti
381 1018 464 1060 more
475 1001 579 1078 regum
590 1008 625 1061 ut
637 999 737 1060 sellam
752 1001 832 1059 iuxta
846 1004 978 1076 poneret,
991 999 1062 1057 item
1077 1002 1180 1074 postea

203 1085 350 1164 custodiae
367 1101 469 1161 caussa
486 1091 614 1146 turmam
635 1085 764 1162 equitum
785 1083 994 1149 Romanorum,
1022 1089 1215 1159 utrumquem

182 1193 183 1200 ¹
201 1174 371 1246 negaverat:
387 1169 544 1237 honorem,
561 1169 639 1248 quod
655 1184 758 1228 eorum
773 1167 861 1227 modo
876 1166 953 1234 toret
967 1183 1041 1243 quos
1055 1163 1183 1244 populus

201 1252 352 1312 Romanus
365 1253 451 1392 repes
466 1251 676 1328 adpellavisset,
689 1250 879 1326 praesidium,
897 1251 975 1327 quod
990 1246 1183 1310 contumelio-

202 1353 266 1396 sum
283 1337 313 1394 in
330 1353 380 1394 eos
409 1341 481 1402 oret,
504 1335 529 1392 si
544 1336 655 1412 equites
670 1333 794 1394 Romani
810 1333 947 1394 satellites
964 1332 1105 1394 Numidae
1119 1337 1183 1392 tra·

76 1439 84 1452 6
174 1414 351 1480 ederentur.
384 1417 470 1476 Hune
484 1416 592 1477 Marius
611 1418 728 1478 anxium
742 1416 911 1496 adgreditur
933 1424 1019 1496 atque
1035 1416 1181 1486 hortatur,

201 1507 234 1561 ut
255 1499 498 1562 contumeliarum
517 1502 547 1560 in
561 1503 759 1579 inperatorem
782 1520 849 1561 cum
866 1519 919 1561 suo
943 1499 1049 1562 auxilio
1069 1517 1182 1578 poenas
1193 1517 1214 1556 6

202 1591 293 1663 petat:
306 1584 456 1644 hominem
466 1583 503 1644 ob
514 1585 634 1645 morbos
646 1587 741 1646 animo
752 1604 858 1664 parum
868 1584 962 1646 valido
975 1583 1103 1645 secunda
1114 1603 1182 1645 ora·

197 1671 281 1744 ,tione
296 1668 420 1729 extollit:
437 1669 519 1729 illum
537 1681 649 1747 regem,
663 1671 812 1747 ingentem
826 1672 930 1739 virum,
945 1667 1113 1729 Masinissae
1127 1687 1183 1729 ne·

201 1759 301 1830 potem
323 1771 402 1818 csse:
424 1754 449 1812 si
461 1747 603 1828 luqurtba
620 1759 722 1831 captus
735 1761 786 1814 aut
800 1755 915 1813 occisus
929 1753 1015 1822 foret,
1035 1754 1183 1830 inperium

202 1837 354 1896 Numidiae
367 1839 429 1896 sine
444 1851 528 1896 mora
541 1836 727 1897 habitururn:
749 1837 779 1897 id
793 1837 866 1898 adeo
880 1844 996 1898 mature
1009 1851 1097 1916 posse
1114 1855 1183 1897 ere·

176 1919 282 1987 46666,
303 1920 328 1977 si
343 1920 405 1996 ipse
424 1917 528 1978 consul
549 1919 634 1980 adid
655 1918 764 1981 hedum
787 1922 892 1982 missus
913 1921 999 1982 soret.
1032 1920 1134 1998 ltaque
1155 1928 1215 1982 etro

201 2001 282 2061 illurn
298 2007 326 2062 et
339 2003 451 2080 equites
465 2001 626 2072 Romanos,
643 2003 748 2062 milites
759 2009 788 2064 et
798 2007 1012 2082 negotiatores,
1026 2005 1097 2065 alios
1105 2006 1183 2082 ipse,

201 2085 357 2164 plerosque
376 2087 456 2162 pacis
473 2103 540 2163 spes
553 2085 678 2164 inpellit,
703 2088 744 2147 uti
764 2087 887 2148 Romam
902 2088 939 2148 ad
955 2107 1025 2150 suos
1046 2106 1185 2150 necessa·

201 2172 261 2231 rios
282 2187 386 2248 aspere
405 2171 436 2229 in
458 2169 605 2231 Metellum
619 2170 655 2232 66
672 2170 749 2231 bello
771 2171 909 2242 scribant,
927 2171 1051 2232 Marium
1064 2175 1185 2249 inpera-

177 2261 299 2315 5torem
319 2257 451 2332 poscant.
491 2253 538 2316 Sic
559 2254 599 2315 illi
620 2255 755 2342 a'multis
774 2256 944 2318 mortalibus
967 2257 1186 2318 honestissuma

203 2339 408 2416 suffragatione
436 2338 603 2400 consulatus
628 2339 798 2417 petebatur:
828 2340 915 2401 simul
938 2359 977 2417 ea
1008 2346 1220 2418 tempestatem

201 2421 305 2501 plebes
316 2422 466 2483 nobilitate
480 2423 544 2482 insa
559 2441 612 2501 per
628 2424 724 2502 legem
735 2423 889 2485 Mamiliam
905 2441 996 2484 noros
1014 2423 1185 2496 extollebat.

202 2505 244 2566 lta
265 2505 355 2565 Mario
376 2511 481 2565 cuneta
501 2507 672 2582 procedere.
780 2506 796 2567 .’
1028 2535 1032 2544 ,

106 2617 109 2626 ·
153 2589 193 2652 66
285 2589 404 2648 Interim
426 2587 580 2664 Iugurtha,
604 2586 759 2667 postquam
781 2593 885 2650 omissa
907 2590 1053 2651 deditione
1069 2588 1189 2652 bellum

201 2673 310 2749 incipit,
336 2688 402 2731 curn
423 2687 529 2747 magna
550 2690 621 2731 eura
641 2690 747 2750 parare
768 2675 873 2741 omnia,
896 2674 1049 2741 festinare,
1073 2689 1189 2751 cogere

203 2757 377 2819 exercitum:
397 2756 533 2825 civitates,
556 2773 630 2833 quae
652 2753 688 2816 ab
705 2751 736 2816 se
758 2755 936 2824 deiecerant,
958 2755 1115 2818 formidine
1132 2767 1223 2820 autre

186 2839 374 2901 lostentando
389 2839 517 2918 praemia
533 2838 688 2908 adfectare,
712 2840 883 2900 conmunire
901 2858 970 2901 suos
984 2839 1075 2911 16666,
1099 2860 1191 2902 arma

180 2933 182 2936 ·
202 2923 259 2984 tela
281 2924 335 2984 alia
355 2941 428 3003 quae
443 2939 496 3000 spe
516 2924 595 3001 pacis
615 2923 751 2984 amiserat
769 2923 892 2985 relicere
914 2933 965 2986 aut
982 2929 1190 2986 conmentari:

204 3009 319 3068 servitia
333 3007 532 3068 Romanorum
549 3005 684 3078 adlicere,
704 3019 732 3068 et
748 3026 798 3068 eos
813 3011 900 3085 ipsos,
920 3012 1013 3089 quiin
1028 3010 1192 3088 praesidiis

205 3096 296 3158 erant,
309 3092 433 3167 pecunia
442 3097 600 3169 temptare:
615 3109 737 3169 prorsus
750 3092 821 3152 nihil
832 3093 973 3154 intactum
986 3112 1081 3172 neque
1099 3095 1191 3172 quie·

179 3179 267 3233 2666
288 3175 362 3250 pati,
384 3181 488 3236 cuncta
508 3177 629 3252 agitare.
663 3176 754 3252 Igitur
774 3177 945 3247 Vacoenses,
967 3197 1026 3257 quo
1047 3176 1227 3238 Metellusas

205 3258 285 3318 initio
305 3255 445 3333 Iugurtha
466 3260 636 3336 pacificante
659 3261 847 3336 praesidinm
860 3263 1044 3339 inposuerat,
1069 3261 1192 3336 fatigati

205 3343 283 3417 regis
303 3338 452 3416 subpliciis
475 3361 571 3421 neque
596 3350 679 3405 antea
701 3344 847 3406 voluntate
874 3345 1001 3413 alienati,
1030 3345 1193 3422 prinoipes

207 3426 325 3486 civitatis
343 3427 419 3486 inter
436 3440 468 3484 se
483 3429 650 3490 numerant:
668 3447 735 3492 nam
749 3429 863 3508 volgus,
884 3431 927 3491 uti
941 3428 1115 3507 plerumque
1134 3445 1193 3488 6ο-
