2548 3930
230 101 239 114 ⁶
305 141 348 182 nn
365 141 469 182 annuo
492 137 692 181 avavenuruo
716 128 798 208 ⁰24⁶·
822 129 865 183 47.
887 131 929 185 48.
1040 123 1108 185 ’67

128 289 285 370 praelectis
302 287 467 348 cohortium
483 285 698 362 dispertiverat,
721 294 754 348 ut
769 303 836 348 eum
851 287 892 346 eis
909 290 1046 365 permixti
1060 308 1108 350 ve·

129 375 203 454 lites,
221 389 406 452 quocumque
425 367 602 430 adsederant
624 371 768 447 equitatus
789 370 932 441 hostium,
955 373 1107 450 propulsa·

130 463 204 518 rent.
238 457 312 516 Nam
327 456 357 515 in
372 452 512 531 iugurtha
528 459 627 512 tamus
648 453 733 514 dolus
752 460 891 534 tantaque
910 458 1013 532 peritia
1027 456 1133 518 loeo-8

35 593 41 602 ,
87 553 94 560 ·
131 536 200 600 rum'
218 547 246 600 et
259 539 377 598 militiae
392 543 463 605 erat,
479 541 512 596 ut
528 535 634 596 absens
647 554 684 596 an
698 551 853 618 praesens,
876 555 1031 615 paeeman
1046 539 1107 600 bel·

108 623 193 688 alum
217 639 337 700 gerens,
361 621 546 698 pernitiosior
569 627 645 680 esset
658 621 688 679 iu
709 622 821 682 incerto
840 621 1008 683 haberetur.

214 706 285 765 Erat
299 705 370 768 haut
383 703 469 779 longe
489 702 526 763 ab
544 721 580 762 eo
593 705 710 772 itinere,
734 721 792 784 que
809 704 941 766 ldetellas
955 706 1106 784 pergebat,
1118 702 1158 764 47

131 789 271 867 oppidum
287 788 493 856 Numidarum,
515 788 633 846 nomine
647 785 756 856 Vaeoa,
777 787 878 849 lorum
898 803 999 850 reram
1018 807 1108 851 rena·
1142 841 1151 869 x

129 873 201 932 lium
212 873 300 932 totius
310 873 392 948 regni
403 887 540 930 maxume
553 868 740 940 celebratum,
748 871 799 933 uhi
812 879 841 932 at
851 873 979 934 incolere
992 880 1108 942 etmer-

131 955 191 1015 eari
210 961 420 1014 consueverant
434 953 526 1015 ltalioi
542 955 657 1030 generis
667 955 751 1015 malti
766 956 913 1016 mortales.
929 957 994 1018 lluo
1008 955 1135 1019 consult

95 1052 120 1092 ro
130 1038 216 1098 simul
235 1039 394 1117 temptandi
415 1039 508 1114 gratia
529 1039 554 1096 si
574 1044 758 1114 paterentur,
785 1046 816 1100 et
837 1042 877 1100 «eb
898 1043 1109 1118 oportunitates

99 1123 103 1132 “
130 1122 186 1182 loci
199 1123 378 1200 praesidium
392 1122 535 1199 inposuit:
560 1127 711 1199 praeterea
727 1123 870 1201 inperauit
882 1119 1065 1185 trumentum
1079 1130 1109 1184 et

129 1205 183 1266 alia
198 1201 280 1284 ‘quae
299 1204 379 1280 bello
395 1207 462 1265 usui
476 1204 574 1264 ioreut
586 1213 777 1282 supportare,
797 1212 895 1276 ratus,
918 1207 948 1267 id
966 1207 1044 1286 quod
1060 1221 1109 1268 res
1171 1240 1182 1250 s

128 1290 275 1357 monebat,
293 1289 487 1368 frequentiam
502 1291 716 1364 negotiatorum
732 1296 760 1350 st
770 1294 981 1353 eonme'atuum
996 1291 1110 1351 iurata·

129 1390 194 1432 ram
216 1375 377 1452 exerpitum
397 1379 426 1432 et
445 1374 503 1432 iam
525 1374 633 1450 paratis
645 1372 737 1433 rebus
753 1377 936 1448 munimento
955 1373 1029 1435 iore.

93 1471 120 1512 as
164 1449 178 1476 ²
214 1455 293 1516 luter
320 1455 394 1515 haee
420 1457 535 1534 negotia
559 1455 699 1532 Iugurtha
720 1447 875 1535 inpensius
891 1458 978 1518 modo
999 1458 1135 1536 legauoaa

129 1539 269 1618 subplieis
290 1539 420 1607 mittere,
444 1557 546 1618 paoem
568 1556 670 1607 orare,
690 1543 809 1618 praeter
829 1555 913 1600 suam
931 1538 1109 1601 libamem·
1218 1597 1220 1600 .

129 1641 186 1702 que
206 1625 294 1682 vitam
316 1617 412 1682 omnia
427 1622 541 1682 Metello
564 1622 680 1682 dedere.
718 1623 798 1694 Quos
816 1626 902 1691 item,
924 1625 967 1684 uti
984 1625 1156 1701 priorest
1213 1623 1215 1631 ⁴

130 1706 232 1766 consul
247 1704 370 1766 inlectos
387 1705 424 1782 ad
437 1707 631 1786 proditionem
647 1705 766 1766 domum
780 1707 958 1775 dimittebat,
978 1707 1042 1783 regi
1057 1723 1109 1785 pa·

131 1805 196 1848 cam
218 1790 306 1866 quam
330 1788 495 1868 postulabat
518 1807 613 1868 neque
635 1789 766 1852 abnuere
786 1805 884 1870 neque
905 1789 1053 1869 polliceri,
1079 1782 1109 1851 ol

63 1944 73 1956 ι
92 1875 210 1932 aoiuter·
227 1891 276 1932 eas
295 1891 393 1933 moras
414 1875 557 1950 promissa
576 1873 740 1950 legatorum
761 1881 925 1955 aspectare.
966 1873 1109 1952 iugurtha
1117 1869 1158 1937 48

129 1954 181 2016 ubi
199 1955 305 2016 Metelli
336 1957 411 2016 dieta
442 1974 507 2016 oum
529 1957 612 2017 laetis
634 1961 787 2035 conposuit
808 1977 842 2019 ae
860 1973 895 2019 se
917 1960 977 2020 suis
997 1958 1108 2018 artibus
1175 1969 1177 1974 ’

128 2042 264 2118 temptari
281 2043 410 2107 animum
428 2041 561 2110 advortit,
581 2042 688 2120 quippe
704 2044 750 2102 oui
766 2042 866 2103 verbis
884 2057 941 2119 pau
955 2041 1108 2102 muiaba-

128 2131 190 2192 tur,
215 2130 346 2183 ceterum
367 2142 401 2184 re
420 2123 530 2184 bellum
553 2140 757 2200 aspernatum
782 2133 858 2193 erat,
874 2123 955 2210 urbs
969 2138 1108 2184 maxuma

128 2205 261 2275 alienata,
274 2223 344 2282 ager
359 2207 491 2268 hostibus
506 2209 648 2282 cognitus,
666 2209 753 2267 autimi
764 2208 950 2285 popularium
960 2209 1106 2284 temptati,

89 2295 248 2350 aaooactus
262 2293 362 2362 rerum
383 2291 596 2351 necessitudine
618 2292 717 2350 maurit
735 2293 828 2350 armis
848 2297 972 2350 certare.
1016 2286 1134 2368 lgiturz
1167 2333 1169 2338 κ

129 2371 280 2451 explorato
300 2372 426 2434 hostium
447 2376 565 2442 itinere,
593 2376 622 2434 iu
642 2391 729 2452 spem¹
744 2375 884 2434 notoriae
906 2374 1047 2434 adductus
1067 2389 1104 2434 ex

129 2458 330 2534 oportunitate
339 2456 405 2527 lori,
421 2476 508 2536 quam
519 2474 670 2518 eminuas
680 2463 782 2534 potest
792 2460 893 2537 euplus
907 2459 1037 2518 omilim
1052 2473 1102 2534 ge·

128 2557 236 2600 nerum
263 2547 346 2617 parat
370 2557 408 2601 ac
434 2559 488 2622 per
511 2544 641 2603 tramites
663 2540 794 2602 occultos
815 2541 975 2602 exercitum
999 2540 1104 2602 Metelli

128 2626 281 2685 antevenit.
510 2651 516 2656 ·

22 2701 26 2708 “
88 2726 117 2768 eo
211 2699 325 2768 Erat‘in
343 2729 376 2770 ea
391 2716 475 2786 parte
486 2709 647 2778 Numidiae,
658 2726 747 2788 uuam
762 2703 909 2768 ddherbal
925 2711 954 2768 in
968 2709 1133 2782 alivisiouett

127 2791 313 2870 possederat,
339 2792 451 2852 flamen
477 2795 574 2853 oriens
597 2793 766 2860 ameridie,
792 2793 913 2850 nomiae
935 2789 1063 2856 lluthul,
1087 2807 1107 2849 a

129 2873 187 2952 quo
209 2873 312 2934 aberat
326 2893 412 2934 mous
427 2876 520 2937 terme
535 2877 615 2937 milia
630 2873 797 2956 [passarum]
812 2874 910 2948 viginti
918 2877 1017 2931 tractu
1032 2874 1104 2949 pari,

128 2964 226 3017 vastus
247 2956 292 3028 ab,
305 2966 410 3018 natura
427 2966 456 3019 et
470 2959 601 3020 ,humano
616 2961 710 3020 eultu:
733 2965 777 3016 set
796 2973 831 3024 eu
854 2973 888 3014 eo
903 2956 1002 3016 medio
1024 2958 1107 3034 quasi

128 3040 209 3102 collis
230 3039 393 3110 oriebatur,
416 3043 446 3102 iu
458 3043 626 3124 iumepsum
640 3044 824 3122 pertingens,
847 3041 965 3099 vestitus
981 3040 1106 3100 oleastro
1155 3037 1159 3046 '

86 3143 163 3186 asae
183 3126 317 3198 murtetis
331 3124 451 3203 aliisque
472 3128 630 3202 generibus
651 3127 806 3192 morum,
829 3141 904 3202 quae
920 3123 1105 3185 hendendo

130 3213 216 3285 atque
233 3208 381 3269 harenoso
403 3211 571 3285 gignuntur.
612 3210 705 3270 Media
721 3213 817 3268 autem
837 3205 970 3285 planities
988 3207 1146 3288 'desertae-

129 3293 269 3368 paenuria
285 3310 376 3370 aquae
395 3299 515 3372 praeter
529 3293 642 3354 flumini
662 3293 827 3372 propinqua
846 3291 923 3351 loca:
947 3309 980 3351 ea
991 3291 1105 3351 foonsitu

129 3373 255 3438 arbustis
269 3393 377 3454 peoora
393 3383 479 3456 atque
500 3376 664 3438 cultoribus
674 3375 943 3454 ireqareutabantur.
1019 3383 1038 3427 't

912 3475 952 3534 58
