2536 3936
86 261 88 271 ι
150 199 203 288 '8‘
249 247 292 287 nn
315 244 486 286 3333333333
510 243 752 288 333333333333
774 242 801 284 3.
824 236 867 288 14·
890 235 996 288 1316.
1021 236 1063 290 37.
1082 307 1084 322 Ι

134 387 137 393 ’
169 401 256 472 atque
268 411 358 472 equos
373 393 507 461 mercari,
519 397 668 469 postremo
682 408 777 470 neque
793 392 921 468 sumptui
935 409 1030 470 neque
1044 393 1145 452 mode·

170 480 241 538 stiae
254 475 331 540 suae
340 494 471 557 parcere,
488 475 558 534 dum
573 473 637 552 illos
652 472 794 535 obnoxios
808 476 939 553 fidosque
954 475 1010 535 sibi
1026 475 1144 536 3333333.

10 579 15 586 ·
107 637 115 646 ,
144 563 237 624 ascio
246 562 338 622 333333
348 558 503 627 nonnullos
516 560 565 637 qui
575 560 616 618 ita
627 560 848 629 existumarent
864 563 1055 628 iterentutem,
1072 577 1147 637 quae

171 648 291 707 domum
313 644 448 706 Catilinae
470 642 689 722 frequentabat,
712 659 828 740 parum
839 643 960 703 honeste
980 643 1146 720 pudicitiam

171 731 322 797 habuisse,
346 734 390 788 set
412 744 446 786 ex
467 725 534 788 aliis
557 726 647 786 rebus
668 729 776 804 magis,
805 745 891 806 qnam
913 727 992 826 quod
1013 729 1168 806 cuiquama
1255 733 1258 790 l

122 817 202 876 ibid
224 818 396 890 conpertum
410 810 495 880 soret,
515 811 588 870 haec
607 810 683 870 sama
699 809 822 871 valebat
856 810 917 869 lam
930 813 1062 909 primum·
1077 813 1147 871 adu·
1257 805 1258 814 ’

172 899 285 959 3333333
300 894 420 955 Catilina
433 894 524 954 multa
547 895 672 955 nefanda
688 901 788 972 stupra
806 893 930 962 lecerat,
955 912 1023 954 cum
1037 897 1148 971 virgine
1257 891 1258 900 ’

173 979 277 1048 nobili,
294 997 361 1040 cum
372 979 526 1039 sacerdote
541 977 658 1046 Vestae,
683 976 737 1038 alia
757 979 879 1039 huiusce
894 977 973 1037 modi
988 980 1148 1038 contraius
1257 969 1258 998 ³

145 1065 283 1142 2sasqne
317 1063 474 1123 Postremo
488 1068 593 1140 captus
603 1080 703 1122 amore
724 1060 858 1123 Aureliae
876 1055 1042 1129 Orestillae,
1066 1063 1148 1122 cuius

171 1155 289 1226 praeter
317 1147 444 1207 formam
471 1145 552 1206 nihil
570 1163 709 1224 umquam
725 1146 820 1206 bonus
848 1145 988 1213 laudavit,
1002 1147 1095 1234 qnod
1115 1163 1183 1206 eam

171 1231 285 1292 nubere
302 1230 343 1291 illi
358 1230 508 1291 dubitabat
521 1231 626 1289 timens
641 1231 805 1307 privignum
820 1229 1011 1290 adultnmt
965 1248 999 1288 ae
999 1235 1073 1300 tate,
1094 1247 1149 1307 pro

112 1347 115 1352 v
173 1323 254 1377 certo
276 1315 405 1375 creditur
419 1320 523 1378 necato
545 1313 604 1373 illio
621 1331 746 1373 vacuam
758 1314 878 1374 domum
894 1311 1024 1372 scelestis
1043 1315 1150 1394 nuptiis
1242 1303 1258 1338 ·’

146 1401 285 1460 33333333.
330 1395 411 1466 Quae
434 1398 551 1477 quidem
576 1415 625 1457 res
646 1397 769 1458 mihim
790 1399 891 1474 primis
912 1397 1026 1457 videtur
1049 1415 1150 1457 caussa
1218 1395 1220 1402 '

148 1482 263 1544 aluisse
283 1482 420 1542 facinoris
440 1487 501 1541 mat
489 1482 615 1542 t.urandi
647 1480 780 1560 Namque
802 1483 916 1546 animus
931 1483 1067 1579 inpurus,
1090 1481 1151 1540 deis

173 1565 399 1644 hominibusque
413 1564 544 1635 inlestns,
560 1583 656 1645 neque
667 1565 769 1643 vigiliis
785 1583 881 1645 neque
898 1567 977 1643 quiet
965 1565 1043 1624 tibus
1057 1565 1151 1624 sedari
1161 1585 1186 1626 15

147 1657 304 1729 53333333
320 1651 359 1710 333
378 1651 553 1711 33333333333
570 1656 698 1710 mentem
713 1653 836 1734 excitam
847 1649 985 1709 vastabat.
999 1647 1089 1724 lgitnr
1103 1665 1151 1708 co·
1257 1641 1258 1684 l

173 1735 218 1796 los
233 1739 260 1796 ei
276 1735 429 1812 exanguis,
446 1735 524 1795 loedi
538 1719 629 1803 oculi,
652 1734 690 1793 cit
691 1752 725 1794 us
678 1715 827 1795 tmodo
842 1733 929 1793 modo
944 1732 1068 1792 tardus
1060 1749 1152 1792 33333-

29 1845 33 1858 ·
126 1823 164 1882 36
177 1837 245 1879 sus:
267 1835 390 1894 prorsus
412 1819 442 1875 in
463 1818 536 1876 33333
551 1817 687 1894 voltuque
700 1819 836 1877 vecordia
854 1819 957 1876 inerat.
991 1817 1063 1875 Set
1054 1833 1152 1876 33333

108 1915 112 1920 ·
175 1907 283 1968 tutem,
308 1916 410 1978 quam,
433 1908 467 1959 ut
488 1915 577 1974 supra
598 1900 736 1968 diximus,
759 1899 915 1967 inlexerat,
935 1895 1039 1971 33333333
1060 1899 1153 1958 modis
1257 1879 1258 1942 ³

58 1989 60 1996 '
150 1977 251 2058 333333
267 1983 397 2042 33333333
416 1981 567 2042 edocebat.
598 1981 642 2042 Ex
656 1981 712 2042 illis
731 1984 811 2042 testis
830 1984 1051 2059 signatoresque
1066 1981 1190 2042 lalsosao

177 2045 378 2151 commodare.
395 2066 482 2126 fidem
497 2066 628 2125 fortunas
641 2064 770 2142 pericula
784 2065 850 2125 vilia
864 2064 990 2134 habere,
1007 2072 1087 2144 post,
1103 2065 1155 2125 ubi

177 2169 280 2231 eorum
302 2151 410 2210 lamam
431 2155 518 2228 atque
538 2149 683 2226 pudorem
705 2150 874 2218 adtriverat,
903 2151 1015 2209 maiora
1038 2149 1120 2210 3333
1112 2167 1155 2208 33-

131 2245 167 2297 3
177 2219 314 2317 perabat:
337 2237 362 2295 si
382 2251 483 2296 caussa
500 2234 663 2314 peccandi'
655 2251 685 2293 m
700 2251 840 2310 praesens
856 2234 951 2300 minus
972 2233 1155 2313 subpetebat,

177 2321 269 2381 nihilo
296 2322 394 2381 minus
416 2318 538 2402 insontis
559 2319 643 2378 sicuti
670 2319 761 2377 sontis
782 2317 993 2379 circumvenire
1014 2316 1154 2395 iugulare,

178 2404 340 2464 scilicetne
361 2420 415 2479 per
434 2405 525 2464 otium
545 2409 747 2481 torpescerent
766 2421 870 2463 manus
886 2397 935 2462 333
952 2404 1074 2470 animus,
1090 2418 1156 2479 gra·
1165 2423 1192 2464 aa

152 2487 251 2546 4333333
269 2487 366 2568 potius
378 2485 472 2544 malus
487 2492 576 2562 atque
589 2485 717 2546 crudelis
736 2493 807 2546 3333
835 2487 884 2548 Eis
899 2487 998 2545 amicis
1013 2485 1157 2582 sociisque

165 2569 306 2629 conlisus
322 2567 458 2635 Catilina,
482 2567 567 2626 simul
583 2569 661 2643 quod
681 2585 730 2626 aes
745 2568 870 2629 alienum
884 2584 939 2643 per
955 2568 1049 2626 omnis
1063 2573 1159 2626 terras

179 2653 282 2729 ingens
303 2636 381 2718 3333,
404 2656 434 2710 33
455 2650 533 2748 quod
554 2648 685 2728 plerique
708 2649 818 2730 Sudani
839 2650 954 2718 milites,
975 2649 1085 2726 largius
1104 2667 1157 2710 suo

162 2737 239 2805 usi,
258 2736 428 2814 rapinarum
451 2739 480 2793 33
499 2733 638 2793 victoriae
658 2736 762 2798 veteris
776 2751 923 2795 memores
945 2732 1029 2794 civile
1048 2733 1177 2794 bellurn

153 2816 372 2897 5exoptaba11t,
395 2817 607 2896 obprimundae
627 2817 858 2902 reipublicae
843 2817 998 2878 consilium
1013 2820 1097 2898 cepit.
1124 2817 1194 2882 lnao

178 2903 260 2962 ltalia
272 2901 371 2963 nullus
385 2902 544 2969 exercitus,
561 2901 616 2960 Gn.
627 2900 806 2980 Pompeius
797 2920 827 2963 33
843 2885 980 2962 3333333333
992 2905 1079 2962 333333
1095 2899 1158 2961 bel·

170 2985 243 3047 lum
263 2986 422 3064 3333333333,ι
414 2985 469 3063 rpsi
491 2983 673 3045 consulatum
694 2988 803 3065 petenti
817 2991 922 3064 magna
939 3003 1020 3064 spes,
1042 2991 1160 3047 senatus

179 3068 252 3130 333333
272 3087 344 3130 3333
365 3073 502 3138 intentus,
524 3067 604 3138 33333
617 3069 848 3149 tranquillaeque
863 3088 912 3131 res
929 3088 1044 3140 333333,
1066 3075 1110 3128 333
1125 3087 1158 3128 33

180 3171 307 3232 prorsus,
320 3161 464 3230 oportuna
479 3151 625 3214 Catilinae.

134 3237 171 3302 37
266 3237 358 3315 lgitur
379 3238 496 3297 circiter
517 3236 662 3297 Kalendas
682 3236 825 3297 luniasL.
848 3237 971 3300 Caesare
987 3234 1096 3316 [et]G
1112 3234 1196 3306 lli-³5

184 3322 252 3399 gulo
265 3319 434 3383 oonsulibus
444 3323 541 3400 primo
553 3321 682 3400 singulos
693 3320 856 3398 adpellare:
872 3323 983 3382 hortari
995 3319 1074 3387 alios,
1088 3319 1159 3380 alios

182 3413 341 3488 temptare:
357 3421 428 3481 opes
442 3421 518 3474 suas,
530 3407 692 3484 inparatam
707 3424 771 3467 rem
784 3406 941 3487 publicam,
958 3419 1063 3480 magna
1074 3421 1159 3482 prae·

155 3492 238 3555 amia
263 3489 423 3528 wir-“⁴²
407 3489 472 3547 333
491 3490 608 3551 docere.
656 3491 712 3552 Ubi
733 3493 802 3551 satis
823 3487 972 3566 explorata
996 3495 1064 3549 sunt
1086 3505 1161 3567 quae
1257 3503 1258 3568 l
