<?xml version="1.0" encoding="UTF-8"?>
<!DOCTYPE html PUBLIC "-//W3C//DTD XHTML 1.0 Transitional//EN"
    "http://www.w3.org/TR/xhtml1/DTD/xhtml1-transitional.dtd">
<html xmlns="http://www.w3.org/1999/xhtml" xml:lang="en" lang="en">
 <head>
  <title>
</title>
<meta http-equiv="Content-Type" content="text/html;charset=utf-8" />
  <meta name='ocr-system' content='tesseract 3.04.00' />
  <meta name='ocr-capabilities' content='ocr_page ocr_carea ocr_par ocr_line ocrx_word'/>
</head>
<body>
  <div class='ocr_page' id='page_1' title='image "./decatalinaeconi00dietgoog_0077.png"; bbox 0 0 2548 3930; ppageno 0'>
   <div class='ocr_carea' id='block_1_1' title="bbox 314 281 1087 348">
    <p class='ocr_par' dir='ltr' id='par_1_1' title="bbox 314 281 1087 348">
     <span class='ocr_line' id='line_1_1' title="bbox 314 281 1087 348; baseline 0 -5"><span class='ocrx_word' id='word_1_1' title='bbox 314 302 358 343; x_wconf 80' lang='lat' dir='ltr'><strong>nn</strong></span> <span class='ocrx_word' id='word_1_2' title='bbox 379 299 482 348; x_wconf 72' lang='lat' dir='ltr'><strong>nonno</strong></span> <span class='ocrx_word' id='word_1_3' title='bbox 505 297 756 340; x_wconf 77' lang='lat' dir='ltr'><strong>rnorersrnroc</strong></span> <span class='ocrx_word' id='word_1_4' title='bbox 775 291 817 343; x_wconf 81' lang='lat'><strong>50</strong></span> <span class='ocrx_word' id='word_1_5' title='bbox 839 292 883 343; x_wconf 82' lang='lat'><strong>51.</strong></span> <span class='ocrx_word' id='word_1_6' title='bbox 1048 281 1087 343; x_wconf 84' lang='grc'><strong>69</strong></span> 
     </span>
    </p>
   </div>
   <div class='ocr_carea' id='block_1_2' title="bbox 7 385 1178 3616">
    <p class='ocr_par' dir='ltr' id='par_1_2' title="bbox 63 385 1178 1778">
     <span class='ocr_line' id='line_1_2' title="bbox 110 385 1087 532; baseline -0.004 -20"><span class='ocrx_word' id='word_1_7' title='bbox 110 467 166 532; x_wconf 94' lang='lat' dir='ltr'><strong>pro</strong></span> <span class='ocrx_word' id='word_1_8' title='bbox 188 470 222 511; x_wconf 89' lang='lat' dir='ltr'><strong>re</strong></span> <span class='ocrx_word' id='word_1_9' title='bbox 241 385 328 528; x_wconf 91' lang='lat' dir='ltr'><strong>atque</strong></span> <span class='ocrx_word' id='word_1_10' title='bbox 346 448 423 516; x_wconf 90' lang='lat' dir='ltr'><strong>loeo,</strong></span> <span class='ocrx_word' id='word_1_11' title='bbox 440 447 524 507; x_wconf 88' lang='lat' dir='ltr'><strong>sicuti</strong></span> <span class='ocrx_word' id='word_1_12' title='bbox 538 445 636 508; x_wconf 84' lang='lat' dir='ltr'><strong>montb</strong></span> <span class='ocrx_word' id='word_1_13' title='bbox 650 446 850 514; x_wconf 82' lang='lat' dir='ltr'><strong>descenderat,</strong></span> <span class='ocrx_word' id='word_1_14' title='bbox 867 447 1004 525; x_wconf 87' lang='lat' dir='ltr'><strong>paulatim</strong></span> <span class='ocrx_word' id='word_1_15' title='bbox 1018 465 1087 526; x_wconf 87' lang='lat' dir='ltr'><strong>pro·</strong></span> 
     </span>
     <span class='ocr_line' id='line_1_3' title="bbox 63 529 1099 630; baseline -0.004 -34"><span class='ocrx_word' id='word_1_16' title='bbox 63 566 66 576; x_wconf 88' lang='lat'>·</span> <span class='ocrx_word' id='word_1_17' title='bbox 112 536 227 604; x_wconf 81' lang='lat' dir='ltr'>cedere,</span> <span class='ocrx_word' id='word_1_18' title='bbox 250 533 375 593; x_wconf 88' lang='lat' dir='ltr'><strong>Marium</strong></span> <span class='ocrx_word' id='word_1_19' title='bbox 391 537 459 608; x_wconf 88' lang='lat' dir='ltr'><strong>post</strong></span> <span class='ocrx_word' id='word_1_20' title='bbox 475 531 617 628; x_wconf 83' lang='lat' dir='ltr'><strong>principia</strong></span> <span class='ocrx_word' id='word_1_21' title='bbox 634 529 761 599; x_wconf 90' lang='lat' dir='ltr'><strong>habere,</strong></span> <span class='ocrx_word' id='word_1_22' title='bbox 785 533 848 630; x_wconf 80' lang='lat' dir='ltr'><strong>ipse</strong></span> <span class='ocrx_word' id='word_1_23' title='bbox 867 549 934 592; x_wconf 90' lang='lat' dir='ltr'><strong>oum</strong></span> <span class='ocrx_word' id='word_1_24' title='bbox 956 533 1099 592; x_wconf 79' lang='lat' dir='ltr'>sinistrae</span> 
     </span>
     <span class='ocr_line' id='line_1_4' title="bbox 111 615 1042 696; baseline -0.007 -16"><span class='ocrx_word' id='word_1_25' title='bbox 111 618 173 680; x_wconf 90' lang='lat' dir='ltr'><strong>alae</strong></span> <span class='ocrx_word' id='word_1_26' title='bbox 192 623 271 696; x_wconf 89' lang='lat' dir='ltr'><strong>eqmt</strong></span> <span class='ocrx_word' id='word_1_27' title='bbox 251 616 338 676; x_wconf 89' lang='lat' dir='ltr'><strong>&#39;tibus</strong></span> <span class='ocrx_word' id='word_1_28' title='bbox 357 633 429 683; x_wconf 86' lang='lat' dir='ltr'><strong>esse,</strong></span> <span class='ocrx_word' id='word_1_29' title='bbox 448 615 497 694; x_wconf 94' lang='lat' dir='ltr'><strong>qui</strong></span> <span class='ocrx_word' id='word_1_30' title='bbox 517 616 548 673; x_wconf 94' lang='lat' dir='ltr'><strong>in</strong></span> <span class='ocrx_word' id='word_1_31' title='bbox 569 617 684 691; x_wconf 80' lang='lat' dir='ltr'>agmine</span> <span class='ocrx_word' id='word_1_32' title='bbox 698 615 846 695; x_wconf 79' lang='lat' dir='ltr'><strong>principes</strong></span> <span class='ocrx_word' id='word_1_33' title='bbox 863 615 931 686; x_wconf 87' lang='lat' dir='ltr'><strong>laeti</strong></span> <span class='ocrx_word' id='word_1_34' title='bbox 952 622 1042 675; x_wconf 89' lang='lat' dir='ltr'><strong>erant</strong></span> 
     </span>
     <span class='ocr_line' id='line_1_5' title="bbox 194 697 1114 777; baseline -0.001 -17"><span class='ocrx_word' id='word_1_35' title='bbox 194 701 231 760; x_wconf 79' lang='lat' dir='ltr'><strong>At</strong></span> <span class='ocrx_word' id='word_1_36' title='bbox 244 697 392 775; x_wconf 81' lang='lat' dir='ltr'><strong>Iugurtha,</strong></span> <span class='ocrx_word' id='word_1_37' title='bbox 412 697 481 758; x_wconf 92' lang='lat' dir='ltr'><strong>ubi</strong></span> <span class='ocrx_word' id='word_1_38' title='bbox 478 704 639 758; x_wconf 79' lang='lat' dir='ltr'><strong>extremum</strong></span> <span class='ocrx_word' id='word_1_39' title='bbox 656 716 760 777; x_wconf 80' lang='lat' dir='ltr'><strong>agmen</strong></span> <span class='ocrx_word' id='word_1_40' title='bbox 775 697 881 761; x_wconf 85' lang='lat' dir='ltr'><strong>Metelli</strong></span> <span class='ocrx_word' id='word_1_41' title='bbox 895 700 1006 776; x_wconf 92' lang='lat' dir='ltr'><strong>primos</strong></span> <span class='ocrx_word' id='word_1_42' title='bbox 1019 707 1114 760; x_wconf 84' lang='grc'><strong>33333</strong></span> 
     </span>
     <span class='ocr_line' id='line_1_6' title="bbox 88 779 1178 863; baseline 0.002 -23"><span class='ocrx_word' id='word_1_43' title='bbox 88 791 363 863; x_wconf 77' lang='lat' dir='ltr'><strong>epraetergreasum</strong></span> <span class='ocrx_word' id='word_1_44' title='bbox 384 782 469 851; x_wconf 87' lang='lat' dir='ltr'><strong>videt,</strong></span> <span class='ocrx_word' id='word_1_45' title='bbox 488 783 633 858; x_wconf 92' lang='lat' dir='ltr'><strong>praesidio</strong></span> <span class='ocrx_word' id='word_1_46' title='bbox 654 784 744 860; x_wconf 90' lang='lat' dir='ltr'><strong>quasi</strong></span> <span class='ocrx_word' id='word_1_47' title='bbox 758 784 848 845; x_wconf 92' lang='lat' dir='ltr'><strong>dnum</strong></span> <span class='ocrx_word' id='word_1_48' title='bbox 866 782 978 843; x_wconf 90' lang='lat' dir='ltr'><strong>mibnm</strong></span> <span class='ocrx_word' id='word_1_49' title='bbox 993 779 1101 861; x_wconf 85' lang='lat' dir='ltr'><strong>[pedi-¹</strong></span> <span class='ocrx_word' id='word_1_50' title='bbox 1176 857 1178 863; x_wconf 13' lang='grc' dir='ltr'><strong>Α</strong></span> 
     </span>
     <span class='ocr_line' id='line_1_7' title="bbox 109 864 1088 947; baseline -0.002 -19"><span class='ocrx_word' id='word_1_51' title='bbox 109 866 187 947; x_wconf 91' lang='lat' dir='ltr'><strong>tum]</strong></span> <span class='ocrx_word' id='word_1_52' title='bbox 207 872 335 927; x_wconf 91' lang='lat' dir='ltr'><strong>montem</strong></span> <span class='ocrx_word' id='word_1_53' title='bbox 351 872 485 942; x_wconf 79' lang='lat' dir='ltr'><strong>occupat,</strong></span> <span class='ocrx_word' id='word_1_54' title='bbox 507 884 563 944; x_wconf 90' lang='lat' dir='ltr'><strong>qua</strong></span> <span class='ocrx_word' id='word_1_55' title='bbox 581 865 713 927; x_wconf 87' lang='lat' dir='ltr'><strong>Metellus</strong></span> <span class='ocrx_word' id='word_1_56' title='bbox 734 866 932 936; x_wconf 83' lang='lat' dir='ltr'><strong>descenderat,</strong></span> <span class='ocrx_word' id='word_1_57' title='bbox 953 883 990 926; x_wconf 89' lang='lat' dir='ltr'><strong>ne</strong></span> <span class='ocrx_word' id='word_1_58' title='bbox 1012 864 1088 926; x_wconf 79' lang='lat' dir='ltr'><strong>sorte</strong></span> 
     </span>
     <span class='ocr_line' id='line_1_8' title="bbox 111 944 1160 1027; baseline -0.004 -15"><span class='ocrx_word' id='word_1_59' title='bbox 111 949 280 1012; x_wconf 86' lang='lat' dir='ltr'><strong>cedentibus</strong></span> <span class='ocrx_word' id='word_1_60' title='bbox 301 949 474 1020; x_wconf 84' lang='lat' dir='ltr'><strong>advorsariis</strong></span> <span class='ocrx_word' id='word_1_61' title='bbox 494 951 627 1026; x_wconf 83' lang='lat' dir='ltr'><strong>receptui</strong></span> <span class='ocrx_word' id='word_1_62' title='bbox 644 944 687 1009; x_wconf 77' lang='lat' dir='ltr'><strong>¹ae</strong></span> <span class='ocrx_word' id='word_1_63' title='bbox 712 957 779 1027; x_wconf 86' lang='lat' dir='ltr'><strong>post</strong></span> <span class='ocrx_word' id='word_1_64' title='bbox 797 951 977 1011; x_wconf 89' lang='lat' dir='ltr'><strong>munimento</strong></span> <span class='ocrx_word' id='word_1_65' title='bbox 996 949 1086 1010; x_wconf 85' lang='lat' dir='ltr'><strong>toret:</strong></span> <span class='ocrx_word' id='word_1_66' title='bbox 1159 961 1160 968; x_wconf 75' lang='grc'>’</span> 
     </span>
     <span class='ocr_line' id='line_1_9' title="bbox 111 1027 1113 1110; baseline -0.002 -15"><span class='ocrx_word' id='word_1_67' title='bbox 111 1035 178 1095; x_wconf 90' lang='lat' dir='ltr'><strong>dein</strong></span> <span class='ocrx_word' id='word_1_68' title='bbox 197 1039 317 1110; x_wconf 92' lang='lat' dir='ltr'><strong>repente</strong></span> <span class='ocrx_word' id='word_1_69' title='bbox 339 1035 423 1109; x_wconf 83' lang='lat' dir='ltr'><strong>signo</strong></span> <span class='ocrx_word' id='word_1_70' title='bbox 443 1032 510 1092; x_wconf 90' lang='lat' dir='ltr'><strong>dato</strong></span> <span class='ocrx_word' id='word_1_71' title='bbox 532 1031 623 1092; x_wconf 92' lang='lat' dir='ltr'><strong>hostis</strong></span> <span class='ocrx_word' id='word_1_72' title='bbox 637 1033 753 1094; x_wconf 89' lang='lat' dir='ltr'><strong>invadit.</strong></span> <span class='ocrx_word' id='word_1_73' title='bbox 787 1027 928 1094; x_wconf 88' lang='lat' dir='ltr'><strong>Numidae</strong></span> <span class='ocrx_word' id='word_1_74' title='bbox 946 1033 1113 1110; x_wconf 82' lang='lat' dir='ltr'><strong>aliipost·4</strong></span> 
     </span>
     <span class='ocr_line' id='line_1_10' title="bbox 76 1115 1088 1194; baseline -0.003 -16.893"><span class='ocrx_word' id='word_1_75' title='bbox 76 1123 209 1178; x_wconf 88' lang='lat' dir='ltr'><strong>remos</strong></span> <span class='ocrx_word' id='word_1_76' title='bbox 227 1117 358 1184; x_wconf 87' lang='lat' dir='ltr'><strong>caedere,</strong></span> <span class='ocrx_word' id='word_1_77' title='bbox 381 1133 450 1194; x_wconf 89' lang='lat' dir='ltr'><strong>pars</strong></span> <span class='ocrx_word' id='word_1_78' title='bbox 465 1134 482 1175; x_wconf 93' lang='lat' dir='ltr'><strong>a</strong></span> <span class='ocrx_word' id='word_1_79' title='bbox 498 1117 614 1176; x_wconf 91' lang='lat' dir='ltr'><strong>sinistra</strong></span> <span class='ocrx_word' id='word_1_80' title='bbox 635 1135 669 1175; x_wconf 90' lang='lat' dir='ltr'><strong>ao</strong></span> <span class='ocrx_word' id='word_1_81' title='bbox 691 1117 792 1177; x_wconf 81' lang='lat' dir='ltr'><strong>dextra</strong></span> <span class='ocrx_word' id='word_1_82' title='bbox 807 1124 959 1194; x_wconf 89' lang='lat' dir='ltr'><strong>temptare,</strong></span> <span class='ocrx_word' id='word_1_83' title='bbox 982 1115 1088 1176; x_wconf 82' lang='lat' dir='ltr'><strong>infensi</strong></span> 
     </span>
     <span class='ocr_line' id='line_1_11' title="bbox 75 1199 1088 1279; baseline -0.003 -18"><span class='ocrx_word' id='word_1_84' title='bbox 75 1201 211 1262; x_wconf 86' lang='lat' dir='ltr'><strong>¹⁰adesse</strong></span> <span class='ocrx_word' id='word_1_85' title='bbox 237 1208 323 1279; x_wconf 90' lang='lat' dir='ltr'><strong>atque</strong></span> <span class='ocrx_word' id='word_1_86' title='bbox 344 1202 468 1267; x_wconf 88' lang='lat' dir='ltr'><strong>instare,</strong></span> <span class='ocrx_word' id='word_1_87' title='bbox 501 1200 636 1261; x_wconf 90' lang='lat' dir='ltr'><strong>omnibus</strong></span> <span class='ocrx_word' id='word_1_88' title='bbox 657 1199 729 1264; x_wconf 88' lang='lat' dir='ltr'><strong>locis</strong></span> <span class='ocrx_word' id='word_1_89' title='bbox 748 1199 950 1268; x_wconf 88' lang='lat' dir='ltr'><strong>Romanorum</strong></span> <span class='ocrx_word' id='word_1_90' title='bbox 971 1200 1088 1259; x_wconf 84' lang='lat' dir='ltr'><strong>ordines</strong></span> 
     </span>
     <span class='ocr_line' id='line_1_12' title="bbox 67 1277 1168 1365; baseline 0 -21"><span class='ocrx_word' id='word_1_91' title='bbox 67 1283 303 1352; x_wconf 89' lang='lat' dir='ltr'><strong>conturbare,</strong></span> <span class='ocrx_word' id='word_1_92' title='bbox 326 1301 452 1365; x_wconf 89' lang='lat' dir='ltr'><strong>quorum</strong></span> <span class='ocrx_word' id='word_1_93' title='bbox 467 1285 553 1343; x_wconf 91' lang='lat' dir='ltr'><strong>etiam</strong></span> <span class='ocrx_word' id='word_1_94' title='bbox 571 1302 620 1362; x_wconf 90' lang='lat' dir='ltr'><strong>qur</strong></span> <span class='ocrx_word' id='word_1_95' title='bbox 613 1277 813 1345; x_wconf 87' lang='lat' dir='ltr'><strong>firmioribus</strong></span> <span class='ocrx_word' id='word_1_96' title='bbox 829 1286 931 1345; x_wconf 88' lang='lat' dir='ltr'><strong>animis</strong></span> <span class='ocrx_word' id='word_1_97' title='bbox 944 1281 1088 1342; x_wconf 88' lang='lat' dir='ltr'><strong>obviihc·</strong></span> <span class='ocrx_word' id='word_1_98' title='bbox 1165 1340 1168 1344; x_wconf 84' lang='lat'>.</span> 
     </span>
     <span class='ocr_line' id='line_1_13' title="bbox 109 1366 1088 1446; baseline -0.004 -18"><span class='ocrx_word' id='word_1_99' title='bbox 109 1367 201 1428; x_wconf 89' lang='lat' dir='ltr'><strong>stibus</strong></span> <span class='ocrx_word' id='word_1_100' title='bbox 218 1369 343 1435; x_wconf 88' lang='lat' dir='ltr'><strong>l,uerant</strong></span> <span class='ocrx_word' id='word_1_101' title='bbox 359 1366 497 1427; x_wconf 84' lang='lat' dir='ltr'><strong>ludificati</strong></span> <span class='ocrx_word' id='word_1_102' title='bbox 514 1368 626 1429; x_wconf 89' lang='lat' dir='ltr'><strong>incerto</strong></span> <span class='ocrx_word' id='word_1_103' title='bbox 643 1367 766 1444; x_wconf 88' lang='lat' dir='ltr'><strong>proelio,</strong></span> <span class='ocrx_word' id='word_1_104' title='bbox 789 1370 845 1446; x_wconf 91' lang='lat' dir='ltr'><strong>ipsi</strong></span> <span class='ocrx_word' id='word_1_105' title='bbox 866 1366 954 1428; x_wconf 92' lang='lat' dir='ltr'><strong>modo</strong></span> <span class='ocrx_word' id='word_1_106' title='bbox 976 1367 1088 1427; x_wconf 90' lang='lat' dir='ltr'><strong>eminus</strong></span> 
     </span>
     <span class='ocr_line' id='line_1_14' title="bbox 110 1450 1087 1546; baseline -0.001 -36"><span class='ocrx_word' id='word_1_107' title='bbox 110 1451 325 1517; x_wconf 89' lang='lat' dir='ltr'><strong>sauciabantur,</strong></span> <span class='ocrx_word' id='word_1_108' title='bbox 340 1468 442 1546; x_wconf 89' lang='lat' dir='ltr'><strong>neque</strong></span> <span class='ocrx_word' id='word_1_109' title='bbox 458 1457 559 1510; x_wconf 90' lang='lat' dir='ltr'><strong>contra</strong></span> <span class='ocrx_word' id='word_1_110' title='bbox 573 1450 700 1511; x_wconf 84' lang='lat' dir='ltr'><strong>feriundi</strong></span> <span class='ocrx_word' id='word_1_111' title='bbox 715 1459 765 1512; x_wconf 92' lang='lat' dir='ltr'><strong>ant</strong></span> <span class='ocrx_word' id='word_1_112' title='bbox 779 1452 1087 1512; x_wconf 87' lang='lat' dir='ltr'><strong>conserundimanum</strong></span> 
     </span>
     <span class='ocr_line' id='line_1_15' title="bbox 111 1532 1113 1620; baseline 0.001 -26"><span class='ocrx_word' id='word_1_113' title='bbox 111 1536 193 1612; x_wconf 91' lang='lat' dir='ltr'><strong>copia</strong></span> <span class='ocrx_word' id='word_1_114' title='bbox 212 1540 287 1594; x_wconf 89' lang='lat' dir='ltr'><strong>erat:</strong></span> <span class='ocrx_word' id='word_1_115' title='bbox 303 1534 393 1593; x_wconf 91' lang='lat' dir='ltr'><strong>ante</strong></span> <span class='ocrx_word' id='word_1_116' title='bbox 385 1551 442 1591; x_wconf 88' lang='lat' dir='ltr'><strong>ram</strong></span> <span class='ocrx_word' id='word_1_117' title='bbox 456 1534 534 1620; x_wconf 84' lang='lat' dir='ltr'><strong>docti</strong></span> <span class='ocrx_word' id='word_1_118' title='bbox 548 1533 584 1593; x_wconf 94' lang='lat' dir='ltr'><strong>ab</strong></span> <span class='ocrx_word' id='word_1_119' title='bbox 606 1532 748 1610; x_wconf 82' lang='lat' dir='ltr'><strong>Iugurtha</strong></span> <span class='ocrx_word' id='word_1_120' title='bbox 770 1537 894 1613; x_wconf 85' lang='lat' dir='ltr'><strong>equites,</strong></span> <span class='ocrx_word' id='word_1_121' title='bbox 912 1533 964 1598; x_wconf 91' lang='lat' dir='ltr'><strong>ubi</strong></span> <span class='ocrx_word' id='word_1_122' title='bbox 981 1533 1087 1594; x_wconf 86' lang='lat' dir='ltr'><strong>Roma·</strong></span> <span class='ocrx_word' id='word_1_123' title='bbox 1097 1544 1113 1595; x_wconf 84' lang='lat'>5</span> 
     </span>
     <span class='ocr_line' id='line_1_16' title="bbox 72 1607 1087 1697; baseline 0.002 -25"><span class='ocrx_word' id='word_1_124' title='bbox 72 1635 216 1697; x_wconf 69' lang='lat' dir='ltr'><strong>senorum</strong></span> <span class='ocrx_word' id='word_1_125' title='bbox 239 1624 335 1677; x_wconf 90' lang='lat' dir='ltr'><strong>turma</strong></span> <span class='ocrx_word' id='word_1_126' title='bbox 357 1607 480 1693; x_wconf 87' lang='lat' dir='ltr'><strong>insequi</strong></span> <span class='ocrx_word' id='word_1_127' title='bbox 497 1623 649 1693; x_wconf 90' lang='lat' dir='ltr'><strong>coeperat,</strong></span> <span class='ocrx_word' id='word_1_128' title='bbox 678 1633 738 1676; x_wconf 91' lang='lat' dir='ltr'><strong>non</strong></span> <span class='ocrx_word' id='word_1_129' title='bbox 762 1617 915 1676; x_wconf 83' lang='lat' dir='ltr'><strong>confertim</strong></span> <span class='ocrx_word' id='word_1_130' title='bbox 940 1633 1036 1694; x_wconf 89' lang='lat' dir='ltr'><strong>neque</strong></span> <span class='ocrx_word' id='word_1_131' title='bbox 1057 1619 1087 1675; x_wconf 95' lang='lat' dir='ltr'><strong>in</strong></span> 
     </span>
     <span class='ocr_line' id='line_1_17' title="bbox 109 1697 1086 1796; baseline -0.005 -35"><span class='ocrx_word' id='word_1_132' title='bbox 109 1719 201 1761; x_wconf 91' lang='lat' dir='ltr'><strong>unum</strong></span> <span class='ocrx_word' id='word_1_133' title='bbox 216 1718 280 1760; x_wconf 92' lang='lat' dir='ltr'><strong>sese</strong></span> <span class='ocrx_word' id='word_1_134' title='bbox 297 1699 486 1796; x_wconf 88' lang='lat' dir='ltr'><strong>recipiebant,</strong></span> <span class='ocrx_word' id='word_1_135' title='bbox 503 1705 546 1758; x_wconf 90' lang='lat' dir='ltr'><strong>set</strong></span> <span class='ocrx_word' id='word_1_136' title='bbox 561 1698 633 1758; x_wconf 90' lang='lat' dir='ltr'><strong>alius</strong></span> <span class='ocrx_word' id='word_1_137' title='bbox 650 1697 707 1759; x_wconf 92' lang='lat' dir='ltr'><strong>alio</strong></span> <span class='ocrx_word' id='word_1_138' title='bbox 722 1717 810 1778; x_wconf 89' lang='lat' dir='ltr'><strong>qnam</strong></span> <span class='ocrx_word' id='word_1_139' title='bbox 820 1717 956 1759; x_wconf 88' lang='lat' dir='ltr'><strong>maxume</strong></span> <span class='ocrx_word' id='word_1_140' title='bbox 971 1699 1086 1759; x_wconf 80' lang='lat' dir='ltr'><strong>divorsi.</strong></span> 
     </span>
    </p>

    <p class='ocr_par' dir='ltr' id='par_1_3' title="bbox 7 1782 1115 2028">
     <span class='ocr_line' id='line_1_18' title="bbox 7 1782 1115 1860; baseline 0.003 -16"><span class='ocrx_word' id='word_1_141' title='bbox 7 1849 8 1852; x_wconf 48' lang='lat'><strong>,</strong></span> <span class='ocrx_word' id='word_1_142' title='bbox 108 1783 151 1844; x_wconf 91' lang='lat' dir='ltr'><strong>lta</strong></span> <span class='ocrx_word' id='word_1_143' title='bbox 164 1801 287 1843; x_wconf 92' lang='lat' dir='ltr'><strong>numero</strong></span> <span class='ocrx_word' id='word_1_144' title='bbox 302 1785 430 1860; x_wconf 88' lang='lat' dir='ltr'><strong>priores,</strong></span> <span class='ocrx_word' id='word_1_145' title='bbox 455 1783 479 1842; x_wconf 91' lang='lat' dir='ltr'><strong>si</strong></span> <span class='ocrx_word' id='word_1_146' title='bbox 494 1783 530 1842; x_wconf 96' lang='lat' dir='ltr'><strong>ab</strong></span> <span class='ocrx_word' id='word_1_147' title='bbox 547 1783 751 1860; x_wconf 87' lang='lat' dir='ltr'><strong>persequendo</strong></span> <span class='ocrx_word' id='word_1_148' title='bbox 767 1783 857 1843; x_wconf 87' lang='lat' dir='ltr'><strong>bostis</strong></span> <span class='ocrx_word' id='word_1_149' title='bbox 871 1782 1021 1842; x_wconf 89' lang='lat' dir='ltr'><strong>deterrere</strong></span> <span class='ocrx_word' id='word_1_150' title='bbox 1035 1799 1087 1841; x_wconf 93' lang='lat' dir='ltr'><strong>ne·</strong></span> <span class='ocrx_word' id='word_1_151' title='bbox 1097 1795 1115 1847; x_wconf 84' lang='grc'><strong>3</strong></span> 
     </span>
     <span class='ocr_line' id='line_1_19' title="bbox 110 1863 1085 1964; baseline -0.003 -37"><span class='ocrx_word' id='word_1_152' title='bbox 110 1869 272 1964; x_wconf 89' lang='lat' dir='ltr'><strong>quiverant,</strong></span> <span class='ocrx_word' id='word_1_153' title='bbox 289 1866 424 1926; x_wconf 87' lang='lat' dir='ltr'><strong>disiectos</strong></span> <span class='ocrx_word' id='word_1_154' title='bbox 438 1865 474 1926; x_wconf 92' lang='lat' dir='ltr'><strong>ab</strong></span> <span class='ocrx_word' id='word_1_155' title='bbox 489 1872 572 1941; x_wconf 80' lang='lat' dir='ltr'><strong>tergo</strong></span> <span class='ocrx_word' id='word_1_156' title='bbox 588 1873 638 1927; x_wconf 94' lang='lat' dir='ltr'><strong>aut</strong></span> <span class='ocrx_word' id='word_1_157' title='bbox 651 1866 792 1929; x_wconf 92' lang='lat' dir='ltr'><strong>lateribus</strong></span> <span class='ocrx_word' id='word_1_158' title='bbox 805 1863 1085 1927; x_wconf 88' lang='lat' dir='ltr'><strong>circumveniebant·</strong></span> 
     </span>
     <span class='ocr_line' id='line_1_20' title="bbox 111 1939 1086 2028; baseline 0 -20"><span class='ocrx_word' id='word_1_159' title='bbox 111 1952 155 2009; x_wconf 93' lang='lat' dir='ltr'><strong>sin</strong></span> <span class='ocrx_word' id='word_1_160' title='bbox 173 1951 345 2027; x_wconf 84' lang='lat' dir='ltr'><strong>oportunior</strong></span> <span class='ocrx_word' id='word_1_161' title='bbox 360 1949 445 2028; x_wconf 79' lang='lat' dir='ltr'><strong>fugae</strong></span> <span class='ocrx_word' id='word_1_162' title='bbox 459 1948 539 2009; x_wconf 88' lang='lat' dir='ltr'><strong>collis</strong></span> <span class='ocrx_word' id='word_1_163' title='bbox 553 1969 641 2028; x_wconf 91' lang='lat' dir='ltr'><strong>quam</strong></span> <span class='ocrx_word' id='word_1_164' title='bbox 657 1969 752 2028; x_wconf 85' lang='lat' dir='ltr'><strong>compr</strong></span> <span class='ocrx_word' id='word_1_165' title='bbox 744 1939 870 2022; x_wconf 82' lang='lat' dir='ltr'><strong>inerat,</strong></span> <span class='ocrx_word' id='word_1_166' title='bbox 887 1968 921 2011; x_wconf 93' lang='lat' dir='ltr'><strong>ea</strong></span> <span class='ocrx_word' id='word_1_167' title='bbox 935 1967 1004 2010; x_wconf 84' lang='lat' dir='ltr'><strong>vero</strong></span> <span class='ocrx_word' id='word_1_168' title='bbox 1017 1965 1086 2009; x_wconf 90' lang='lat' dir='ltr'><strong>eon·</strong></span> 
     </span>
    </p>

    <p class='ocr_par' dir='ltr' id='par_1_4' title="bbox 69 2032 1134 2446">
     <span class='ocr_line' id='line_1_21' title="bbox 69 2032 1086 2112; baseline 0.001 -22"><span class='ocrx_word' id='word_1_169' title='bbox 69 2051 99 2090; x_wconf 78' lang='lat' dir='ltr'><strong>ao</strong></span> <span class='ocrx_word' id='word_1_170' title='bbox 109 2035 183 2094; x_wconf 90' lang='lat' dir='ltr'><strong>sueti</strong></span> <span class='ocrx_word' id='word_1_171' title='bbox 203 2033 394 2094; x_wconf 88' lang='lat' dir='ltr'><strong>Numidarum</strong></span> <span class='ocrx_word' id='word_1_172' title='bbox 411 2052 477 2112; x_wconf 89' lang='lat' dir='ltr'><strong>eqm</strong></span> <span class='ocrx_word' id='word_1_173' title='bbox 471 2032 576 2094; x_wconf 83' lang='lat' dir='ltr'><strong>facile</strong></span> <span class='ocrx_word' id='word_1_174' title='bbox 591 2037 668 2095; x_wconf 88' lang='lat' dir='ltr'><strong>inter</strong></span> <span class='ocrx_word' id='word_1_175' title='bbox 682 2035 807 2112; x_wconf 85' lang='lat' dir='ltr'><strong>virgulta</strong></span> <span class='ocrx_word' id='word_1_176' title='bbox 822 2035 955 2102; x_wconf 90' lang='lat' dir='ltr'><strong>evadere,</strong></span> <span class='ocrx_word' id='word_1_177' title='bbox 971 2039 1086 2093; x_wconf 88' lang='lat' dir='ltr'><strong>nostros</strong></span> 
     </span>
     <span class='ocr_line' id='line_1_22' title="bbox 108 2115 1134 2192; baseline -0.002 -16"><span class='ocrx_word' id='word_1_178' title='bbox 108 2119 250 2192; x_wconf 86' lang='lat' dir='ltr'><strong>asperitas</strong></span> <span class='ocrx_word' id='word_1_179' title='bbox 264 2123 293 2176; x_wconf 92' lang='lat' dir='ltr'><strong>et</strong></span> <span class='ocrx_word' id='word_1_180' title='bbox 311 2115 463 2177; x_wconf 90' lang='lat' dir='ltr'><strong>insolentia</strong></span> <span class='ocrx_word' id='word_1_181' title='bbox 481 2116 538 2176; x_wconf 90' lang='lat' dir='ltr'><strong>loci</strong></span> <span class='ocrx_word' id='word_1_182' title='bbox 557 2118 709 2178; x_wconf 90' lang='lat' dir='ltr'><strong>retinebat.</strong></span> <span class='ocrx_word' id='word_1_183' title='bbox 743 2119 880 2178; x_wconf 82' lang='lat' dir='ltr'><strong>Ceterum</strong></span> <span class='ocrx_word' id='word_1_184' title='bbox 896 2117 984 2177; x_wconf 82' lang='lat' dir='ltr'><strong>iacies</strong></span> <span class='ocrx_word' id='word_1_185' title='bbox 999 2118 1134 2183; x_wconf 84' lang='lat' dir='ltr'><strong>totius51</strong></span> 
     </span>
     <span class='ocr_line' id='line_1_23' title="bbox 106 2193 1086 2278; baseline -0.003 -20"><span class='ocrx_word' id='word_1_186' title='bbox 106 2203 205 2274; x_wconf 85' lang='lat' dir='ltr'><strong>negoti</strong></span> <span class='ocrx_word' id='word_1_187' title='bbox 221 2201 300 2258; x_wconf 86' lang='lat' dir='ltr'><strong>varia</strong></span> <span class='ocrx_word' id='word_1_188' title='bbox 317 2201 436 2267; x_wconf 90' lang='lat' dir='ltr'><strong>incerta,</strong></span> <span class='ocrx_word' id='word_1_189' title='bbox 452 2193 537 2260; x_wconf 84' lang='lat' dir='ltr'><strong>loeda</strong></span> <span class='ocrx_word' id='word_1_190' title='bbox 553 2207 638 2278; x_wconf 89' lang='lat' dir='ltr'><strong>atque</strong></span> <span class='ocrx_word' id='word_1_191' title='bbox 655 2200 841 2261; x_wconf 88' lang='lat' dir='ltr'><strong>miserabilis:</strong></span> <span class='ocrx_word' id='word_1_192' title='bbox 857 2201 981 2276; x_wconf 90' lang='lat' dir='ltr'><strong>dispersi</strong></span> <span class='ocrx_word' id='word_1_193' title='bbox 995 2217 1012 2258; x_wconf 91' lang='lat' dir='ltr'><strong>a</strong></span> <span class='ocrx_word' id='word_1_194' title='bbox 1027 2201 1086 2258; x_wconf 85' lang='lat' dir='ltr'><strong>suis</strong></span> 
     </span>
     <span class='ocr_line' id='line_1_24' title="bbox 106 2279 1087 2365; baseline -0.003 -23"><span class='ocrx_word' id='word_1_195' title='bbox 106 2299 175 2360; x_wconf 91' lang='lat' dir='ltr'><strong>pars</strong></span> <span class='ocrx_word' id='word_1_196' title='bbox 197 2283 301 2342; x_wconf 91' lang='lat' dir='ltr'><strong>cedere</strong></span> <span class='ocrx_word' id='word_1_197' title='bbox 321 2281 394 2341; x_wconf 92' lang='lat' dir='ltr'><strong>alii</strong></span> <span class='ocrx_word' id='word_1_198' title='bbox 387 2285 509 2360; x_wconf 88' lang='lat' dir='ltr'><strong>msequi,</strong></span> <span class='ocrx_word' id='word_1_199' title='bbox 528 2301 624 2362; x_wconf 89' lang='lat' dir='ltr'><strong>neque</strong></span> <span class='ocrx_word' id='word_1_200' title='bbox 639 2285 721 2360; x_wconf 85' lang='lat' dir='ltr'><strong>signa</strong></span> <span class='ocrx_word' id='word_1_201' title='bbox 735 2300 831 2360; x_wconf 92' lang='lat' dir='ltr'><strong>neque</strong></span> <span class='ocrx_word' id='word_1_202' title='bbox 850 2282 969 2341; x_wconf 90' lang='lat' dir='ltr'><strong>ordines</strong></span> <span class='ocrx_word' id='word_1_203' title='bbox 985 2279 1087 2365; x_wconf 84' lang='lat' dir='ltr'><strong>obser-</strong></span> 
     </span>
     <span class='ocr_line' id='line_1_25' title="bbox 106 2355 1085 2462; baseline -0.003 -36"><span class='ocrx_word' id='word_1_204' title='bbox 106 2383 186 2434; x_wconf 80' lang='lat' dir='ltr'><strong>vare,</strong></span> <span class='ocrx_word' id='word_1_205' title='bbox 207 2365 259 2425; x_wconf 97' lang='lat' dir='ltr'><strong>ubi</strong></span> <span class='ocrx_word' id='word_1_206' title='bbox 277 2382 422 2446; x_wconf 91' lang='lat' dir='ltr'><strong>quemque</strong></span> <span class='ocrx_word' id='word_1_207' title='bbox 442 2365 605 2462; x_wconf 85' lang='lat' dir='ltr'><strong>periculum</strong></span> <span class='ocrx_word' id='word_1_208' title='bbox 621 2370 740 2445; x_wconf 89' lang='lat' dir='ltr'><strong>ceperat</strong></span> <span class='ocrx_word' id='word_1_209' title='bbox 757 2364 798 2425; x_wconf 92' lang='lat' dir='ltr'><strong>ibi</strong></span> <span class='ocrx_word' id='word_1_210' title='bbox 812 2366 950 2425; x_wconf 89' lang='lat' dir='ltr'><strong>resistere</strong></span> <span class='ocrx_word' id='word_1_211' title='bbox 965 2355 999 2424; x_wconf 86' lang='lat' dir='ltr'><strong>ac</strong></span> <span class='ocrx_word' id='word_1_212' title='bbox 1017 2382 1085 2440; x_wconf 90' lang='lat' dir='ltr'><strong>pro·</strong></span> 
     </span>
    </p>

    <p class='ocr_par' dir='ltr' id='par_1_5' title="bbox 64 2447 1111 2864">
     <span class='ocr_line' id='line_1_26' title="bbox 64 2447 1084 2547; baseline -0.002 -39"><span class='ocrx_word' id='word_1_213' title='bbox 64 2448 241 2527; x_wconf 75' lang='lat' dir='ltr'><strong>repulsare:</strong></span> <span class='ocrx_word' id='word_1_214' title='bbox 264 2466 354 2508; x_wconf 92' lang='lat' dir='ltr'><strong>arma</strong></span> <span class='ocrx_word' id='word_1_215' title='bbox 361 2449 426 2517; x_wconf 94' lang='lat' dir='ltr'><strong>tela,</strong></span> <span class='ocrx_word' id='word_1_216' title='bbox 445 2451 512 2546; x_wconf 79' lang='lat' dir='ltr'><strong>equi</strong></span> <span class='ocrx_word' id='word_1_217' title='bbox 527 2450 589 2517; x_wconf 90' lang='lat' dir='ltr'><strong>riri,</strong></span> <span class='ocrx_word' id='word_1_218' title='bbox 612 2447 710 2510; x_wconf 89' lang='lat' dir='ltr'><strong>hostes</strong></span> <span class='ocrx_word' id='word_1_219' title='bbox 732 2456 819 2547; x_wconf 84' lang='lat' dir='ltr'><strong>atque</strong></span> <span class='ocrx_word' id='word_1_220' title='bbox 841 2451 917 2510; x_wconf 88' lang='lat' dir='ltr'><strong>cives</strong></span> <span class='ocrx_word' id='word_1_221' title='bbox 938 2449 1084 2525; x_wconf 85' lang='lat' dir='ltr'><strong>permixti,</strong></span> 
     </span>
     <span class='ocr_line' id='line_1_27' title="bbox 107 2531 1111 2630; baseline 0.006 -39"><span class='ocrx_word' id='word_1_222' title='bbox 107 2531 179 2592; x_wconf 91' lang='lat' dir='ltr'><strong>nibil</strong></span> <span class='ocrx_word' id='word_1_223' title='bbox 197 2531 316 2591; x_wconf 89' lang='lat' dir='ltr'><strong>consilio</strong></span> <span class='ocrx_word' id='word_1_224' title='bbox 334 2549 430 2610; x_wconf 92' lang='lat' dir='ltr'><strong>neque</strong></span> <span class='ocrx_word' id='word_1_225' title='bbox 444 2533 557 2610; x_wconf 90' lang='lat' dir='ltr'><strong>inperio</strong></span> <span class='ocrx_word' id='word_1_226' title='bbox 573 2535 636 2610; x_wconf 82' lang='lat' dir='ltr'><strong>agi,</strong></span> <span class='ocrx_word' id='word_1_227' title='bbox 652 2532 713 2592; x_wconf 86' lang='lat' dir='ltr'><strong>fors</strong></span> <span class='ocrx_word' id='word_1_228' title='bbox 728 2535 824 2594; x_wconf 87' lang='lat' dir='ltr'><strong>omnia</strong></span> <span class='ocrx_word' id='word_1_229' title='bbox 841 2550 953 2630; x_wconf 80' lang='lat' dir='ltr'><strong>regere.</strong></span> <span class='ocrx_word' id='word_1_230' title='bbox 985 2531 1111 2609; x_wconf 83' lang='lat' dir='ltr'><strong>Itaquc2</strong></span> 
     </span>
     <span class='ocr_line' id='line_1_28' title="bbox 107 2615 1085 2694; baseline -0.002 -18"><span class='ocrx_word' id='word_1_231' title='bbox 107 2615 232 2676; x_wconf 89' lang='lat' dir='ltr'><strong>multum</strong></span> <span class='ocrx_word' id='word_1_232' title='bbox 255 2615 311 2676; x_wconf 92' lang='lat' dir='ltr'><strong>diei</strong></span> <span class='ocrx_word' id='word_1_233' title='bbox 322 2622 521 2694; x_wconf 88' lang='lat' dir='ltr'><strong>processerat,</strong></span> <span class='ocrx_word' id='word_1_234' title='bbox 546 2634 612 2676; x_wconf 91' lang='lat' dir='ltr'><strong>cum</strong></span> <span class='ocrx_word' id='word_1_235' title='bbox 627 2618 784 2678; x_wconf 92' lang='lat' dir='ltr'><strong>etiamtum</strong></span> <span class='ocrx_word' id='word_1_236' title='bbox 794 2625 913 2678; x_wconf 89' lang='lat' dir='ltr'><strong>eventus</strong></span> <span class='ocrx_word' id='word_1_237' title='bbox 927 2617 957 2676; x_wconf 93' lang='lat' dir='ltr'><strong>in</strong></span> <span class='ocrx_word' id='word_1_238' title='bbox 973 2618 1085 2676; x_wconf 91' lang='lat' dir='ltr'><strong>incerto</strong></span> 
     </span>
     <span class='ocr_line' id='line_1_29' title="bbox 108 2691 1111 2780; baseline -0.002 -21"><span class='ocrx_word' id='word_1_239' title='bbox 108 2705 179 2759; x_wconf 91' lang='lat' dir='ltr'><strong>erat</strong></span> <span class='ocrx_word' id='word_1_240' title='bbox 214 2699 346 2778; x_wconf 87' lang='lat' dir='ltr'><strong>Denique</strong></span> <span class='ocrx_word' id='word_1_241' title='bbox 367 2701 502 2761; x_wconf 92' lang='lat' dir='ltr'><strong>omnibus</strong></span> <span class='ocrx_word' id='word_1_242' title='bbox 523 2699 624 2761; x_wconf 89' lang='lat' dir='ltr'><strong>labore</strong></span> <span class='ocrx_word' id='word_1_243' title='bbox 646 2708 675 2761; x_wconf 91' lang='lat' dir='ltr'><strong>et</strong></span> <span class='ocrx_word' id='word_1_244' title='bbox 690 2707 771 2761; x_wconf 89' lang='lat' dir='ltr'><strong>aestu</strong></span> <span class='ocrx_word' id='word_1_245' title='bbox 793 2701 936 2780; x_wconf 85' lang='lat' dir='ltr'><strong>languidis</strong></span> <span class='ocrx_word' id='word_1_246' title='bbox 954 2691 1111 2766; x_wconf 79' lang='lat' dir='ltr'><strong>Metelluss</strong></span> 
     </span>
     <span class='ocr_line' id='line_1_30' title="bbox 108 2782 1085 2864; baseline -0.003 -21"><span class='ocrx_word' id='word_1_247' title='bbox 108 2782 160 2843; x_wconf 92' lang='lat' dir='ltr'><strong>nbi</strong></span> <span class='ocrx_word' id='word_1_248' title='bbox 172 2782 252 2842; x_wconf 77' lang='lat' dir='ltr'><strong>ridet</strong></span> <span class='ocrx_word' id='word_1_249' title='bbox 266 2783 405 2844; x_wconf 91' lang='lat' dir='ltr'><strong>Numidas</strong></span> <span class='ocrx_word' id='word_1_250' title='bbox 419 2786 515 2844; x_wconf 88' lang='lat' dir='ltr'><strong>minus</strong></span> <span class='ocrx_word' id='word_1_251' title='bbox 529 2786 651 2852; x_wconf 89' lang='lat' dir='ltr'><strong>instare,</strong></span> <span class='ocrx_word' id='word_1_252' title='bbox 674 2784 813 2864; x_wconf 89' lang='lat' dir='ltr'><strong>paulatim</strong></span> <span class='ocrx_word' id='word_1_253' title='bbox 829 2784 956 2845; x_wconf 92' lang='lat' dir='ltr'><strong>milites</strong></span> <span class='ocrx_word' id='word_1_254' title='bbox 948 2800 978 2842; x_wconf 92' lang='lat' dir='ltr'><strong>m</strong></span> <span class='ocrx_word' id='word_1_255' title='bbox 993 2795 1085 2842; x_wconf 89' lang='lat' dir='ltr'><strong>unum</strong></span> 
     </span>
    </p>

    <p class='ocr_par' dir='ltr' id='par_1_6' title="bbox 67 2866 1111 3281">
     <span class='ocr_line' id='line_1_31' title="bbox 67 2866 1085 2944; baseline -0.002 -18"><span class='ocrx_word' id='word_1_256' title='bbox 67 2866 254 2934; x_wconf 82' lang='lat' dir='ltr'><strong>aooonducit,</strong></span> <span class='ocrx_word' id='word_1_257' title='bbox 278 2867 394 2926; x_wconf 91' lang='lat' dir='ltr'><strong>ordines</strong></span> <span class='ocrx_word' id='word_1_258' title='bbox 415 2869 539 2928; x_wconf 89' lang='lat' dir='ltr'><strong>restituit</strong></span> <span class='ocrx_word' id='word_1_259' title='bbox 558 2873 586 2927; x_wconf 87' lang='lat' dir='ltr'><strong>et</strong></span> <span class='ocrx_word' id='word_1_260' title='bbox 610 2867 736 2928; x_wconf 88' lang='lat' dir='ltr'><strong>cohortis</strong></span> <span class='ocrx_word' id='word_1_261' title='bbox 754 2868 928 2944; x_wconf 78' lang='lat' dir='ltr'><strong>legionarias</strong></span> <span class='ocrx_word' id='word_1_262' title='bbox 950 2871 1085 2943; x_wconf 90' lang='lat' dir='ltr'><strong>quattuor</strong></span> 
     </span>
     <span class='ocr_line' id='line_1_32' title="bbox 107 2948 1085 3028; baseline -0.002 -18"><span class='ocrx_word' id='word_1_263' title='bbox 107 2948 264 3010; x_wconf 74' lang='lat' dir='ltr'><strong>adtonsum</strong></span> <span class='ocrx_word' id='word_1_264' title='bbox 287 2950 399 3027; x_wconf 91' lang='lat' dir='ltr'><strong>pedites</strong></span> <span class='ocrx_word' id='word_1_265' title='bbox 424 2951 552 3016; x_wconf 88' lang='lat' dir='ltr'><strong>hostium</strong></span> <span class='ocrx_word' id='word_1_266' title='bbox 574 2952 713 3013; x_wconf 87' lang='lat' dir='ltr'><strong>conlocat.</strong></span> <span class='ocrx_word' id='word_1_267' title='bbox 756 2951 867 3011; x_wconf 84' lang='lat' dir='ltr'><strong>Eorum</strong></span> <span class='ocrx_word' id='word_1_268' title='bbox 890 2967 995 3028; x_wconf 84' lang='lat' dir='ltr'><strong>magna</strong></span> <span class='ocrx_word' id='word_1_269' title='bbox 1016 2966 1085 3026; x_wconf 87' lang='lat' dir='ltr'><strong>pars</strong></span> 
     </span>
     <span class='ocr_line' id='line_1_33' title="bbox 106 3031 1111 3109; baseline 0.001 -17"><span class='ocrx_word' id='word_1_270' title='bbox 106 3031 309 3109; x_wconf 89' lang='lat' dir='ltr'><strong>superioribus</strong></span> <span class='ocrx_word' id='word_1_271' title='bbox 328 3031 400 3093; x_wconf 91' lang='lat' dir='ltr'><strong>locis</strong></span> <span class='ocrx_word' id='word_1_272' title='bbox 418 3033 494 3094; x_wconf 81' lang='lat' dir='ltr'><strong>sessa</strong></span> <span class='ocrx_word' id='word_1_273' title='bbox 509 3036 689 3096; x_wconf 89' lang='lat' dir='ltr'><strong>consederat.</strong></span> <span class='ocrx_word' id='word_1_274' title='bbox 723 3033 815 3096; x_wconf 91' lang='lat' dir='ltr'><strong>Simul</strong></span> <span class='ocrx_word' id='word_1_275' title='bbox 829 3051 914 3094; x_wconf 91' lang='lat' dir='ltr'><strong>orare</strong></span> <span class='ocrx_word' id='word_1_276' title='bbox 931 3039 959 3093; x_wconf 93' lang='lat' dir='ltr'><strong>et</strong></span> <span class='ocrx_word' id='word_1_277' title='bbox 973 3033 1111 3100; x_wconf 68' lang='lat' dir='ltr'><strong>hortaris</strong></span> 
     </span>
     <span class='ocr_line' id='line_1_34' title="bbox 106 3115 1081 3196; baseline 0.002 -20"><span class='ocrx_word' id='word_1_278' title='bbox 106 3115 263 3176; x_wconf 91' lang='lat' dir='ltr'><strong>militesne</strong></span> <span class='ocrx_word' id='word_1_279' title='bbox 276 3116 507 3178; x_wconf 87' lang='lat' dir='ltr'><strong>delicerentneu</strong></span> <span class='ocrx_word' id='word_1_280' title='bbox 520 3125 691 3196; x_wconf 89' lang='lat' dir='ltr'><strong>paterentur</strong></span> <span class='ocrx_word' id='word_1_281' title='bbox 701 3117 793 3178; x_wconf 86' lang='lat' dir='ltr'><strong>hostis</strong></span> <span class='ocrx_word' id='word_1_282' title='bbox 803 3117 939 3196; x_wconf 82' lang='lat' dir='ltr'><strong>fugientis</strong></span> <span class='ocrx_word' id='word_1_283' title='bbox 950 3119 1081 3178; x_wconf 88' lang='lat' dir='ltr'><strong>vincere:</strong></span> 
     </span>
     <span class='ocr_line' id='line_1_35' title="bbox 106 3199 1083 3281; baseline 0.002 -23"><span class='ocrx_word' id='word_1_284' title='bbox 106 3217 203 3278; x_wconf 90' lang='lat' dir='ltr'><strong>neque</strong></span> <span class='ocrx_word' id='word_1_285' title='bbox 219 3199 275 3259; x_wconf 92' lang='lat' dir='ltr'><strong>illis</strong></span> <span class='ocrx_word' id='word_1_286' title='bbox 297 3206 391 3260; x_wconf 90' lang='lat' dir='ltr'><strong>castra</strong></span> <span class='ocrx_word' id='word_1_287' title='bbox 414 3218 477 3262; x_wconf 90' lang='lat' dir='ltr'><strong>esse</strong></span> <span class='ocrx_word' id='word_1_288' title='bbox 499 3220 594 3281; x_wconf 90' lang='lat' dir='ltr'><strong>neque</strong></span> <span class='ocrx_word' id='word_1_289' title='bbox 609 3204 819 3270; x_wconf 90' lang='lat' dir='ltr'><strong>munimentum</strong></span> <span class='ocrx_word' id='word_1_290' title='bbox 835 3200 935 3272; x_wconf 89' lang='lat' dir='ltr'><strong>ullum,</strong></span> <span class='ocrx_word' id='word_1_291' title='bbox 959 3220 1024 3280; x_wconf 93' lang='lat' dir='ltr'><strong>quo</strong></span> <span class='ocrx_word' id='word_1_292' title='bbox 1036 3219 1083 3261; x_wconf 91' lang='grc'><strong>33-</strong></span> 
     </span>
    </p>

    <p class='ocr_par' dir='ltr' id='par_1_7' title="bbox 66 3283 1119 3616">
     <span class='ocr_line' id='line_1_36' title="bbox 66 3283 1109 3360; baseline 0.01 -20"><span class='ocrx_word' id='word_1_293' title='bbox 66 3301 95 3340; x_wconf 85' lang='lat' dir='ltr'><strong>a:</strong></span> <span class='ocrx_word' id='word_1_294' title='bbox 108 3283 210 3342; x_wconf 89' lang='lat' dir='ltr'><strong>dentes</strong></span> <span class='ocrx_word' id='word_1_295' title='bbox 229 3284 418 3352; x_wconf 90' lang='lat' dir='ltr'><strong>tenderent,</strong></span> <span class='ocrx_word' id='word_1_296' title='bbox 411 3302 440 3345; x_wconf 87' lang='lat' dir='ltr'><strong>rn</strong></span> <span class='ocrx_word' id='word_1_297' title='bbox 468 3289 556 3345; x_wconf 86' lang='lat' dir='ltr'><strong>armis</strong></span> <span class='ocrx_word' id='word_1_298' title='bbox 583 3289 679 3346; x_wconf 91' lang='lat' dir='ltr'><strong>omnia</strong></span> <span class='ocrx_word' id='word_1_299' title='bbox 704 3287 766 3345; x_wconf 91' lang='lat' dir='ltr'><strong>sita.</strong></span> <span class='ocrx_word' id='word_1_300' title='bbox 814 3285 865 3346; x_wconf 90' lang='lat' dir='ltr'><strong>Set</strong></span> <span class='ocrx_word' id='word_1_301' title='bbox 852 3291 922 3346; x_wconf 90' lang='lat' dir='ltr'><strong>tue</strong></span> <span class='ocrx_word' id='word_1_302' title='bbox 944 3283 1109 3360; x_wconf 80' lang='lat' dir='ltr'><strong>lugurmas</strong></span> 
     </span>
     <span class='ocr_line' id='line_1_37' title="bbox 108 3359 1084 3447; baseline 0.004 -24"><span class='ocrx_word' id='word_1_303' title='bbox 108 3365 225 3442; x_wconf 88' lang='lat' dir='ltr'><strong>quidem</strong></span> <span class='ocrx_word' id='word_1_304' title='bbox 247 3368 359 3426; x_wconf 86' lang='lat' dir='ltr'><strong>interea</strong></span> <span class='ocrx_word' id='word_1_305' title='bbox 381 3369 495 3447; x_wconf 90' lang='lat' dir='ltr'><strong>quietus</strong></span> <span class='ocrx_word' id='word_1_306' title='bbox 517 3375 597 3429; x_wconf 90' lang='lat' dir='ltr'><strong>erat:</strong></span> <span class='ocrx_word' id='word_1_307' title='bbox 610 3371 772 3429; x_wconf 90' lang='lat' dir='ltr'><strong>circumire</strong></span> <span class='ocrx_word' id='word_1_308' title='bbox 791 3359 918 3436; x_wconf 86' lang='lat' dir='ltr'><strong>bertari,</strong></span> <span class='ocrx_word' id='word_1_309' title='bbox 941 3384 1084 3428; x_wconf 91' lang='lat' dir='ltr'><strong>renovare</strong></span> 
     </span>
     <span class='ocr_line' id='line_1_38' title="bbox 106 3437 1084 3544; baseline 0.006 -38"><span class='ocrx_word' id='word_1_310' title='bbox 106 3447 252 3544; x_wconf 84' lang='lat' dir='ltr'><strong>proelium</strong></span> <span class='ocrx_word' id='word_1_311' title='bbox 274 3451 384 3526; x_wconf 90' lang='lat' dir='ltr'><strong>etipse</strong></span> <span class='ocrx_word' id='word_1_312' title='bbox 404 3469 470 3511; x_wconf 90' lang='lat' dir='ltr'><strong>curn</strong></span> <span class='ocrx_word' id='word_1_313' title='bbox 493 3452 610 3512; x_wconf 91' lang='lat' dir='ltr'><strong>delectis</strong></span> <span class='ocrx_word' id='word_1_314' title='bbox 631 3459 773 3530; x_wconf 88' lang='lat' dir='ltr'><strong>temptare</strong></span> <span class='ocrx_word' id='word_1_315' title='bbox 795 3455 908 3514; x_wconf 90' lang='lat' dir='ltr'><strong>omnia:</strong></span> <span class='ocrx_word' id='word_1_316' title='bbox 931 3437 1084 3512; x_wconf 86' lang='lat' dir='ltr'><strong>subvenire</strong></span> 
     </span>
     <span class='ocr_line' id='line_1_39' title="bbox 108 3531 1119 3616; baseline 0.003 -26"><span class='ocrx_word' id='word_1_317' title='bbox 108 3533 178 3602; x_wconf 86' lang='lat' dir='ltr'><strong>suis,</strong></span> <span class='ocrx_word' id='word_1_318' title='bbox 190 3531 323 3594; x_wconf 87' lang='lat' dir='ltr'><strong>hostibus</strong></span> <span class='ocrx_word' id='word_1_319' title='bbox 338 3534 433 3595; x_wconf 87' lang='lat' dir='ltr'><strong>dubiis</strong></span> <span class='ocrx_word' id='word_1_320' title='bbox 447 3538 565 3604; x_wconf 89' lang='lat' dir='ltr'><strong>instare,</strong></span> <span class='ocrx_word' id='word_1_321' title='bbox 582 3553 655 3615; x_wconf 92' lang='lat' dir='ltr'><strong>quos</strong></span> <span class='ocrx_word' id='word_1_322' title='bbox 669 3536 768 3597; x_wconf 85' lang='lat' dir='ltr'><strong>firmos</strong></span> <span class='ocrx_word' id='word_1_323' title='bbox 783 3540 959 3616; x_wconf 83' lang='lat' dir='ltr'><strong>cognoverat</strong></span> <span class='ocrx_word' id='word_1_324' title='bbox 971 3537 1084 3595; x_wconf 84' lang='lat' dir='ltr'><strong>eminus</strong></span> <span class='ocrx_word' id='word_1_325' title='bbox 1115 3581 1119 3586; x_wconf 89' lang='lat'><em>.</em></span> 
     </span>
    </p>
   </div>
   <div class='ocr_carea' id='block_1_3' title="bbox 0 0 1278 3930">
    <p class='ocr_par' dir='ltr' id='par_1_8' title="bbox 0 0 1278 3930">
     <span class='ocr_line' id='line_1_40' title="bbox 0 0 1278 3930; baseline 0 0"><span class='ocrx_word' id='word_1_326' title='bbox 0 0 1278 3930; x_wconf 95' lang='lat' dir='ltr'><strong> </strong></span> 
     </span>
    </p>
   </div>
  </div>
 </body>
</html>
