2536 3936
201 181 241 244 28
340 161 342 171 ¹
376 200 420 242 on
443 200 615 242 33333333
638 175 881 241 coluvxsmous
903 199 930 240 c.
954 195 997 244 31.

203 349 253 426 qui
273 347 461 408 seditionibus
475 345 699 426 rempublicam
714 347 943 422 exagitaverant,
965 347 1069 408 merito
1088 363 1183 407 neca-

143 437 249 491 ·33tos
265 430 389 491 aiebant.
425 432 476 491 Set
496 447 601 494 cares
619 429 975 507 maguaeinitiumcladis
995 429 1057 490 fuit¹
1102 429 1183 492 Nam

200 516 244 574 uti
258 516 379 594 quisque
398 516 516 575 domum
535 519 584 574 aut
604 513 715 584 ¹villam,
731 520 878 592 postremo
895 531 943 574 vas
960 519 1010 573 aut
1021 513 1182 574 vestimen·
1248 520 1249 588 1

199 604 262 657 tum
273 598 395 660 alicuius
410 599 624 676 concupiverat,
640 597 729 658 dabet
743 615 872 675 operam,
895 604 928 658 ut
942 598 966 656 is
980 597 1010 657 in
1025 600 1180 676 prescrip·
1248 591 1249 600 ’

154 689 188 741 34
199 687 299 742 torum
318 699 442 744 numero
455 688 549 742 esset.
583 681 626 741 lta
640 680 694 749 illi,
715 679 824 759 quibus
844 680 1009 758 Damasippi
1023 698 1104 739 mors
1117 679 1203 744 lae-s

77 785 90 805 r
195 765 276 826 titiae
290 766 401 834 fuerat,
419 764 507 841 paulo
523 773 589 843 post
603 765 658 842 ipsi
675 763 882 832 trahebantur,
899 782 996 842 neque
1010 765 1093 841 prius
1110 765 1181 825 finis

141 859 186 911 ’35
195 849 345 924 iugulandi
367 847 421 908 suit
436 866 523 926 quam
541 848 619 909 Sulla
636 845 729 908 omnis
745 865 814 908 suos
836 848 939 909 divitiis
958 847 1091 924 explerit.
1125 849 1179 908 Αι-

195 949 253 1008 que
274 931 347 991 baec
365 948 419 1008 ego
440 950 500 992 non
521 931 551 993 in
567 931 603 991 Μ.
623 931 717 992 Tullio
739 949 836 1010 neque
857 931 902 991 bis
921 931 1104 1009 temporibus
1126 951 1179 994 ve·
1248 949 1249 962 ¹

195 1031 279 1074 reor:
301 1017 394 1076 setin
415 1033 521 1093 magna
539 1017 651 1076 civitate
671 1015 762 1078 multa
785 1022 815 1076 et
846 1016 926 1076 varia
952 1015 1068 1091 ingenia
1093 1023 1176 1076 sunt.

152 1113 187 1164 36
195 1096 294 1176 Potest
305 1099 360 1158 alio
377 1106 518 1177 tempore,
531 1100 587 1162 alio
603 1097 731 1169 consule,
747 1100 793 1160 cui
803 1101 873 1160 item
885 1099 1048 1159 exercitus'
1040 1117 1070 1158 ιιι
1084 1116 1179 1160 manu
1190 1116 1213 1157 n

195 1181 246 1249 sit,
273 1181 379 1246 falsum
401 1183 478 1263 aliqu
479 1183 508 1246 id
527 1201 582 1262 pro
604 1200 674 1242 vero
697 1183 791 1244 credi:
814 1182 866 1243 ubi
887 1181 945 1270 boc
967 1182 1099 1259 exemplo
1120 1199 1202 1261 per.

195 1266 288 1326 senati
309 1267 461 1334 dec-retum
483 1264 585 1327 consul
607 1265 734 1342 gladium
757 1257 902 1334 eduxerit,
933 1268 997 1344 quis
1024 1266 1065 1326 illi
1086 1266 1180 1328 finem

195 1355 310 1417 statuet,
334 1357 384 1410 aut
405 1351 470 1428 quis
486 1347 704 1409 moderabitur?

152 1449 186 1501 37
281 1431 405 1492 Maiores
418 1433 526 1502 nostri,
550 1424 648 1509 patres
662 1432 828 1508 conscripti,
851 1449 947 1518 neque
962 1432 1064 1494 consili
1078 1451 1180 1511 neque

195 1515 334 1577 audaciae
345 1532 484 1594 umquam
496 1532 614 1612 eguere,
628 1514 789 1594 neque-illis
793 1506 945 1594 superbia
956 1517 1100 1586 obstabat,
1116 1535 1180 1596 quo
1190 1535 1213 1574 ιι

193 1601 291 1660 minus
309 1598 403 1662 aliena
423 1601 568 1670 instituta,
591 1601 616 1660 si
637 1600 724 1661 modo
745 1599 839 1678 proba
858 1607 957 1671 erant
979 1603 1177 1661 imitarentur.

152 1698 186 1751 38
194 1676 283 1748 erma
300 1690 387 1762 atque
403 1683 460 1746 tela
478 1684 612 1746 militaria
628 1684 664 1744 ab
679 1683 865 1753 Samnitibus,
884 1686 1008 1761 insignia
1022 1687 1179 1761 magistra-

157 1775 278 1829 tuum
294 1767 330 1828 ab
348 1767 452 1828 Tuscis
468 1767 533 1846 pler
534 1787 609 1847 aque
625 1775 826 1846 sumpserunt:
848 1787 902 1847 pos
903 1776 998 1828 tremo
1016 1768 1093 1846 quod
1109 1767 1179 1827 ubi-

194 1870 251 1928 que
267 1851 345 1928 apud
361 1853 456 1911 socios
474 1859 525 1911 aut
538 1851 613 1910 bost
594 1857 630 1910 trs
643 1852 780 1922 idoneum
796 1850 957 1917 videbatur,
976 1868 1042 1909 cum
1057 1866 1180 1910 summo

194 1934 289 1995 studio
309 1934 388 1995 domi
417 1933 654 2011 exequebantur:
683 1933 789 1991 imitari
817 1950 905 2009 quam
931 1931 1060 1992 invidere
1087 1929 1212 1994 bonisso

151 2029 185 2082 39
194 2016 350 2078 malebant.
371 2018 422 2078 Set
436 2017 540 2078 codem
550 2015 599 2076 illc
616 2022 747 2092 tempore
760 2013 914 2094 [Graeciae
928 2031 1042 2074 morem
1055 2015 1178 2098 imitati]

194 2100 365 2163 verberibus
380 2098 651 2162 animadvortebant
672 2101 702 2159 in
720 2098 797 2166 civis,
820 2097 857 2158 de
872 2098 1071 2158 condemnatis
1093 2116 1177 2160 sum-

150 2200 185 2253 40
194 2203 275 2246 mum
289 2182 464 2265 subplicium
482 2183 645 2247 sumebant.
676 2181 834 2261 Postquam
848 2199 896 2243 res
916 2181 1032 2260 publica
1049 2181 1177 2245 adolevit

193 2278 223 2332 et
235 2268 419 2331 multitudiue
434 2270 539 2331 civium
559 2268 700 2328 factiones
713 2265 846 2336 valuere,
870 2267 1074 2327 circumveniri
1088 2268 1174 2326 inno·

194 2359 302 2421 centes,
317 2352 372 2412 alia
388 2353 510 2415 huiusce
526 2353 605 2414 modi
620 2352 684 2412 lieri
703 2368 843 2429 coepere,
861 2357 926 2411 tum
940 2349 987 2411 lex
1002 2345 1105 2410 Porcia
1121 2349 1173 2411 ali·
1183 2366 1210 2405 as
1250 2419 1251 2424 ¹

194 2453 286 2510 aeque
305 2435 385 2510 leges
400 2444 519 2514 paratae
536 2444 618 2505 sunt,
644 2436 750 2514 quibus
765 2433 879 2511 legibus
895 2434 1013 2496 exilium
1029 2434 1173 2494 damnatis

150 2530 184 2582 ιι
195 2516 371 2593 permissum
391 2511 442 2576 est.
471 2519 553 2580 Hanc
570 2537 623 2596 ego
646 2537 786 2585 caussam,
809 2523 908 2613 patres
927 2518 1091 2594 conscripti,
1114 2536 1173 2595 quo

192 2600 290 2660 minus
309 2614 416 2658 novom
431 2599 582 2660 consilium
600 2603 756 2676 capiamus,
772 2601 802 2658 in
819 2600 920 2674 primis
938 2614 1074 2675 magnam
1090 2607 1171 2678 puto.

152 2681 331 2748 42Profecto
350 2682 440 2741 virtus
462 2687 548 2760 atque
570 2683 709 2760 sapientia
724 2682 818 2742 maior
839 2682 882 2740 in
877 2681 945 2740 illis
966 2681 1035 2751 fuit,
1063 2686 1113 2764 qui
1135 2703 1173 2745 ex

194 2767 311 2848 parvis
307 2763 416 2844 opibus
435 2767 571 2826 tantum
562 2767 708 2843 mperium
729 2765 852 2832 fecere,
859 2783 947 2842 quam
961 2766 1105 2835 mochis,
1122 2770 1209 2845 quiae

153 2871 230 2913 ea
254 2848 330 2912 bene
348 2856 433 2927 parta
451 2844 498 2911 ιιι
516 2850 686 2910 ι3ιι33ιιιι3.

153 2938 187 2989 43
280 2934 378 2996 Placet
392 2935 480 3011 igitur
495 2951 546 2994 eos
562 2933 665 2994 dimitti
680 2940 709 2993 et
725 2932 829 3007 augeri
842 2933 1002 2992 exercitum
1018 2903 1199 2998 Catilinael

195 3018 332 3078 Minume.
357 3018 456 3078 Setita
468 3035 590 3079 censeo:
605 3015 797 3114 publicandas
816 3032 919 3076 eorum
932 3020 1080 3093 pecunias,
1092 3019 1173 3094 ipsos

196 3103 226 3160 iu
246 3091 368 3160 uinculis
390 3102 542 3163 habendos
560 3118 614 3179 per
632 3101 804 3178 municipia,
827 3116 902 3177 quae
916 3117 1051 3162 maxume
1066 3098 1172 3178 opibus

196 3182 307 3244 velem.
329 3199 367 3242 ne
379 3188 443 3261 quis
459 3186 496 3248 de
511 3187 553 3247 eis
566 3191 667 3264 postea
684 3184 721 3246 ad
736 3188 869 3244 senatum
879 3181 1002 3253 referat,
1020 3201 1092 3242 nere
1102 3200 1207 3284 cumps

195 3265 305 3346 populo
325 3272 406 3340 agat:
435 3271 485 3346 qui
507 3269 590 3331 aliter
612 3268 729 3337 fecerit,
753 3273 887 3328 senatum
909 3269 1082 3328 existumare
1099 3283 1171 3326 eum

197 3357 300 3413 eontra
321 3364 385 3408 rem
405 3351 552 3427 publicam
572 3361 601 3414 et
621 3352 744 3414 salutem
765 3351 895 3411 omnium
916 3348 1081 3410 facturum?
1250 3405 1251 3412 ,

148 3435 188 3494 52
281 3432 438 3511 Postquam
456 3433 561 3510 Caesar
574 3438 689 3500 dicendi
700 3437 788 3498 linem
802 3433 878 3500 iecit,
892 3433 980 3492 ceteri
993 3432 1084 3492 verbo
1100 3431 1172 3493 alius
1249 3323 1251 3552 1
