2548 3930
279 182 322 226 nn
339 183 440 228 annno
457 182 657 230 evoranmso
674 182 703 226 o.
719 173 778 232 lob
793 174 854 230 104.
870 175 929 230 105.
1034 163 1092 225 103

116 340 165 398 ant
180 330 260 396 utilia
275 339 326 394 ant
339 331 550 394 benivolentiae
572 351 636 394 esse
656 331 829 402 credebant,
850 334 984 394 oratione
1002 331 1092 393 entol-

114 417 194 480 Iunt:
215 417 282 478 dein
298 415 377 478 Sulla
394 419 490 476 omnia
503 415 631 495 pollicito
649 419 741 486 docti,
762 417 923 496 quomodo
941 416 1019 494 apud
1033 415 1092 476 lia·
1144 435 1147 440 ·

114 503 206 568 cium,
222 502 291 560 item
307 501 384 579 apnd
399 506 531 560 senatum
548 500 636 564 rerba
650 501 797 570 lacerent,
813 502 930 562 circiter
944 501 1006 562 dies
1022 519 1092 580 qua·

115 584 247 663 draginta
268 584 376 644 ibidem
397 585 579 662 operiuntur.
844 581 847 589 '

88 691 101 730 a
197 667 305 728 Marius
318 667 371 728 ubi
387 668 494 728 inlecto
512 670 590 747 quod
601 669 765 732 intenderat
774 671 892 747 negotio
903 669 1009 734 Cirtam
1027 671 1143 732 irs-104

114 753 156 814 dit
177 757 206 812 et
227 751 263 812 do
280 752 405 812 adventu
425 751 589 828 legatorum
612 755 719 816 certior
740 755 834 816 iactus
856 760 914 825 est,
937 772 1046 836 eosque
1064 763 1093 816 et

115 834 224 898 Sullam
247 836 284 896 ad
304 836 417 896 Uticam
431 837 531 896 venire
550 836 641 907 iubet,
664 839 733 897 item
750 837 782 898 L.
805 837 958 899 Relienum
974 844 1092 918 praeto-

113 937 195 986 rem,
223 923 376 997 praeterea
395 920 489 978 omnis
510 920 640 998 undique
661 922 800 982 senatorii
823 923 947 992 ordinis,
972 923 1092 1001 qnibns·

115 1021 184 1064 cum
209 1003 345 1062 mandata
367 1001 477 1062 Bocchi
500 1005 657 1079 cognoscit.
708 1003 824 1080 legatis
849 1012 977 1084 potestas
1004 999 1122 1068 eundie'

80 1112 105 1152 ιο
114 1086 238 1158 Romam
257 1087 289 1146 fit
309 1085 346 1146 ab
364 1083 492 1154 consule,
512 1088 623 1148 interea
637 1087 771 1150 induciae
788 1088 1019 1166 postulabantur.
1051 1091 1093 1152 Ea

114 1169 212 1231 Sullae
230 1175 258 1229 et
272 1168 420 1248 plerisque
436 1168 590 1246 placuere:
606 1172 693 1249 pauci
706 1171 833 1232 lerocius
848 1171 1019 1242 decernunt,
1037 1176 1092 1234 sci·

114 1252 182 1314 licet
201 1254 296 1329 ignari
315 1270 415 1314 rerum
430 1252 641 1324 humanarum,
664 1271 738 1332 quae
752 1251 849 1316 fluxae
872 1261 901 1316 et
921 1255 1044 1316 mobiles
1061 1258 1093 1318 in
1188 1327 1189 1330 Ἴ

114 1336 237 1396 advorsa
257 1353 373 1413 semper
394 1341 554 1398 mutantur.
593 1337 728 1399 Ceterum
747 1335 841 1399 llauri
859 1341 1118 1418 inpetratis·om·d

113 1419 200 1480 rubus
215 1425 277 1480 tres
298 1419 422 1481 Romam
441 1419 569 1497 proiecti
589 1427 658 1482 sunt
675 1439 743 1482 cum
758 1421 813 1482 Gn.
830 1421 948 1484 Octavio
962 1423 1091 1494 Rusone,

80 1525 105 1565 rs
115 1504 166 1581 qui
182 1509 319 1582 quaestor
334 1502 510 1580 stipendium
527 1505 557 1563 in
575 1504 703 1565 Africam
720 1511 896 1582 portaverat,
914 1507 972 1567 dno
987 1507 1024 1568 ad
1044 1524 1092 1569 re·

113 1602 182 1663 gem
201 1586 334 1648 redeunt.
378 1585 422 1647 Ex
440 1587 482 1646 eis
495 1585 630 1648 bocchus
651 1605 718 1648 cum
740 1594 932 1657 coloratum
955 1607 1093 1650 maxume

114 1670 325 1747 benignitatem
340 1674 369 1730 et
383 1669 509 1754 studium
526 1670 624 1732 Sullae
642 1669 747 1732 lubens
761 1673 881 1749 accepit.
922 1672 1118 1751 Romaeqnet
1226 1697 1229 1700 ·

112 1753 215 1832 legetis
237 1755 313 1824 eius,
334 1760 490 1833 postquam
511 1771 625 1816 errasse
645 1771 747 1832 regem
763 1760 792 1815 et
806 1754 964 1832 Iugurthae
980 1756 1108 1827 scelere,

113 1837 228 1916 lapsum
243 1837 392 1916 deprecati
413 1844 495 1906 sunt,
518 1837 673 1898 amicitiam
695 1844 724 1899 et
740 1839 844 1899 loedns
857 1839 1024 1917 petentibus
1035 1839 1093 1902 hoc

78 1921 202 1982 admodo
215 1921 426 2000 respondetur:
440 1920 574 1982 ‘Senatus
588 1927 618 1982 et
633 1921 760 2000 populus
770 1920 920 1984 Romanus
933 1923 1049 1985 benifici
1065 1928 1094 1984 et

113 2005 235 2068 iniuriae
251 2022 365 2066 memor
382 2022 446 2066 esse
461 2003 543 2066 solet.
578 2005 714 2066 Ceterum
728 2005 855 2073 boccho,
873 2008 1010 2084 qnoniam
1024 2024 1093 2085 pae-

113 2089 194 2158 nitet,
212 2088 311 2150 delicti
321 2089 444 2165 gratiam
456 2088 541 2150 lacit:
557 2088 659 2150 locdus
671 2096 700 2149 et
712 2090 836 2151 amicitia
855 2090 1011 2161 dabuntur,
1025 2107 1093 2150 cum

113 2171 274 2233 meruerit)

198 2253 309 2324 Quibus
319 2254 410 2315 rebus
422 2256 543 2330 cognitis
554 2254 688 2317 Bocchus
698 2272 752 2336 per
765 2255 877 2316 litteras
888 2273 905 2317 a
918 2253 1009 2316 Mario
1024 2272 1075 2333 pe·
1084 2253 1143 2316 105

78 2342 225 2409 astirerat,
239 2340 283 2399 uti
303 2339 340 2398 ad
361 2354 393 2398 se
412 2340 541 2399 mitteret
558 2338 677 2409 Sullam,
699 2341 781 2400 cuins
801 2339 942 2400 arbitratu
957 2339 994 2400 de
1012 2357 1093 2400 com·

113 2422 252 2486 munibus
272 2424 396 2500 negotiis
416 2421 628 2484 consuleretur.
674 2422 702 2483 ls
723 2425 829 2483 missus
855 2439 922 2483 cnm
948 2423 1118 2500 pracsidi02

114 2507 244 2585 equitum
256 2511 342 2583 atque
357 2505 511 2585 [peditum
524 2504 607 2585 item]
621 2505 801 2567 funditorum
815 2506 980 2568 Balearium
990 2527 997 2567 ε
1009 2523 1094 2585 prae·

114 2597 195 2651 terea
215 2589 276 2650 iere
294 2591 433 2666 sagittarii
448 2597 477 2650 et
499 2589 605 2651 cohors
619 2589 756 2667 Paeligna
776 2598 854 2662 cum'
865 2590 1032 2652 velitaribus
1046 2608 1094 2652 ar·

114 2676 185 2742 mis,
206 2674 317 2740 itineris
338 2675 515 2752 properandi
530 2690 646 2742 caussa,
661 2691 758 2753 neque
773 2677 815 2735 eis
829 2692 914 2736 secus
930 2681 1016 2751 atque
1031 2672 1094 2733 aliis

78 2759 203 2819 aoarmis
224 2758 364 2818 advorsus
384 2758 441 2819 tela
462 2757 588 2818 hostium
615 2757 708 2837 [quod
731 2777 765 2819 ea
786 2758 859 2818 levia
876 2755 957 2835 sunt]
980 2757 1093 2816 moeniti.

113 2843 205 2903 Setia
217 2842 320 2901 itinere
332 2843 432 2918 quinto
444 2838 570 2920 denique
584 2842 630 2901 die
641 2841 744 2909 Volux,
757 2840 832 2900 lilius
844 2838 961 2906 Bocchi,
972 2843 1119 2917 repenteb

113 2928 144 2986 in
165 2925 274 3001 campis
296 2923 461 3001 patentibus
477 2943 542 2985 cnm
565 2923 643 2984 mille
656 2941 716 2984 non
732 2921 1014 3000 amplius-equitibus
1029 2938 1093 2984 sese

114 3006 252 3076 ostendit,
276 3009 326 3086 qui
343 3013 452 3066 temere
475 3013 504 3067 dt
518 3007 607 3068 effuse
624 3013 725 3067 euntes
740 3005 838 3066 Sullae
859 3004 979 3083 aliisque
1000 3005 1093 3066 omni·

114 3092 171 3152 bus
181 3096 210 3150 et
224 3107 381 3150 numerum
392 3107 462 3150 vero
480 3090 651 3167 ampliorem
666 3097 695 3150 et
709 3089 844 3149 hostilem
860 3094 970 3148 metum
986 3088 1093 3148 efficie-

77 3197 103 3239 aa
113 3174 193 3235 bant.
217 3173 308 3250 Igitur
322 3192 354 3234 se
369 3175 491 3251 qrrisqne
503 3173 657 3251 expedire,
670 3191 751 3233 erma
766 3179 852 3250 atque
867 3170 922 3232 tela
939 3176 1119 3248 temptaret

114 3257 281 3318 intendere:
293 3259 380 3316 timor
395 3255 557 3334 aliquantus
562 3291 572 3326 ,-
588 3263 632 3317 set
648 3273 715 3333 spes
730 3254 867 3334 amplior,
883 3257 990 3335 quippe
1003 3254 1093 3314 vicm-

114 3340 197 3401 ribus
214 3347 243 3402 et
256 3341 397 3402 advorsus
417 3357 557 3418 eosquos
574 3357 662 3418 saepe
676 3341 814 3400 vicerant
847 3338 967 3398 interim
983 3336 1119 3413 equitesn

115 3423 297 3503 exploratum
308 3425 460 3503 praemissi
470 3441 544 3495 rom,
556 3424 599 3486 uti
609 3428 680 3494 orat,
693 3424 820 3504 quietam
830 3422 972 3483 nuntiant.
985 3417 1078 3480 Volux
1090 3415 1147 3480 lot
