2548 3930
191 203 231 270 81
363 223 406 264 on
423 221 527 264 anano
547 221 750 266 rucrarunm
771 223 799 264 c.
823 213 867 269 77.
882 213 926 269 78.
943 193 991 269 79.

193 377 284 434 murat
305 371 364 446 igul
386 376 591 447 corrumpunt,
616 377 645 430 et
665 387 737 449 quas
758 373 824 430 31311
843 362 879 431 ah
893 369 1032 431 ‘hostibus
1054 387 1170 449 poenas

49 512 53 520 ,
192 459 365 522 metuerant,
388 471 439 514 eas
453 455 513 530 ipsi
534 452 664 514 uolentes
685 455 859 534 pependere.

145 536 183 596 77
278 537 328 600 Set
350 539 458 616 pariter
480 553 547 596 eum
569 544 651 614 capta
674 537 763 597 'lhala
790 538 878 614 legati
899 557 935 599 ex
954 538 1060 617 oppido
1081 536 1169 616 Lepti

195 623 231 684 ad
250 619 396 684 lletellum
407 626 556 686 uenerant,
578 627 703 688 orantes,
720 623 763 681 uti
780 623 954 698 praesidium
971 620 1168 698 praelectum-

195 725 252 786 quc
267 723 303 768 cu
316 707 455 766 mitteret:
471 703 662 766 Hamilcarem
687 705 846 783 quendam,
864 703 1010 765 hominem
1035 703 1191 768 nohilern5

196 790 362 854 lacticsum,
385 788 466 848 33313
486 785 576 848 rehus
590 789 717 854 studere,
740 790 895 849 advorsum
911 806 999 867 quem
1012 805 1107 870 neque
1121 789 1168 846 iu-

197 875 276 952 peria
297 873 517 948 magistratuum
537 889 633 950 neque
647 872 727 948 leges
741 873 884 933 valerent:
905 874 936 932 ni
957 872 986 931 id
1007 871 1167 938 festinaret,

172 957 227 1022 aiu
241 973 355 1018 summo
369 953 500 1036 periculo
511 971 594 1016 suam
608 955 745 1022 salutem,
760 957 876 1017 illerum
892 957 987 1014 333133
997 956 1068 1013 1333.
1092 954 1167 1014 Nam

198 1039 340 1118 Leptitani
354 1041 411 1100 iam
426 1039 494 1100 iude
509 1057 526 1098 a
540 1039 683 1120 principie
699 1039 767 1100 belli
782 1038 972 1120 [Iugurthini]
988 1038 1024 1098 ad
1040 1037 1166 1097 Bestiam
1255 1091 1256 1098 ,

199 1121 347 1184 consulem
362 1129 390 1184 et
403 1129 504 1200 postca
523 1121 646 1184 domam
666 1125 804 1184 miserant
819 1125 971 1184 amicitiam
985 1123 1168 1181 societatem·
1179 1147 1205 1186 ro
1255 1129 1256 1182 }

172 1221 255 1286 aque
270 1214 412 1286 rugatum.
441 1205 566 1272 Deinde,
588 1207 640 1267 uhi
654 1225 688 1266 ea
704 1208 860 1282 inpetrata,
882 1223 998 1283 semper
1013 1204 1082 1265 boni
1093 1204 1167 1264 flde—
1254 1185 1256 1292 l

198 1289 297 1368 lcsqua
317 1306 450 1350 mansere
467 1295 497 1348 et
516 1297 619 1349 cuncta
641 1305 657 1347 a
679 1288 788 1357 Bestia,
812 1289 916 1348 Albino
936 1287 1108 1367 Metelloque
1121 1290 1167 1347 in·
1255 1293 1256 1360 ζ

199 1381 297 1452 parata
323 1391 396 1434 nare
419 1372 557 1432 lecerunt.
603 1372 703 1452 ltaque
729 1372 766 1433 ab
790 1375 956 1453 inperatore
981 1371 1066 1432 133113
1091 1389 1167 1450 3333
1255 1371 1256 1378 ’

198 1455 334 1534 petebant
354 1457 459 1534 adepti.
501 1454 629 1516 Emissae
651 1474 687 1516 eo
710 1456 846 1516 cohortes
867 1457 1007 1533 Ligurum
1029 1461 1166 1533 quattuor
1255 1481 1256 1492 ¹

199 1545 227 1600 at
241 1540 275 1601 G.
293 1539 587 1617 luniuspraetectus.
660 1557 664 1570 ’
1178 1565 1202 1603 rs
1254 1557 1256 1586 ³

148 1633 188 1698 78
281 1625 313 1686 ld
329 1624 466 1705 oppidum
481 1624 518 1685 ab
536 1624 660 1686 Sidoniis
675 1627 822 1687 conditum
837 1632 899 1692 est,
917 1641 990 1702 quos
1003 1623 1170 1699 accepimus

198 1708 339 1786 profugos
359 1709 397 1768 oh
417 1708 575 1768 discordias
596 1710 685 1770 3131113
700 1710 821 1770 navibus
836 1711 864 1767 in
883 1713 934 1767 eos
948 1706 1029 1766 locos
1044 1707 1168 1774 venisse,

200 1799 328 1852 ceterum
343 1795 429 1852 situm
447 1794 522 1852 inter
542 1793 614 1853 duas
630 1793 730 1872 Syrtis,
751 1794 856 1872 quihus
877 1807 985 1850 nomen
1009 1807 1045 1849 ex
1069 1807 1102 1848 re
1123 1791 1170 1849 in·
1255 1829 1256 1844 ,

173 1875 298 1948 2ditum.
323 1875 396 1934 Nam
409 1875 467 1933 duo
483 1882 551 1934 sunt
570 1877 650 1935 sinus
664 1893 757 1955 prope
775 1879 804 1937 in
820 1881 949 1936 extrema
964 1868 1074 1941 Africa,
1085 1875 1171 1949 inpa-
1255 1853 1256 1939 l

199 1975 247 2016 res
257 1957 461 2032 magnitudine,
474 1959 537 2033 pari
548 1963 666 2018 natura:
685 1977 809 2038 quorum
819 1975 961 2036 proxuma
973 1963 1071 2016 terrae
1083 1973 1172 2034 prae·
1182 1985 1206 2024 33

200 2039 256 2098 3113
278 2046 353 2108 3331,
377 2046 483 2109 331333,
505 2041 546 2100 uti
561 2039 622 2100 lors
637 2041 712 2111 tulit,
728 2042 784 2102 3113
801 2041 864 2108 alia,
882 2040 934 2100 alia
952 2043 1171 2117 intempestate

174 2123 313 2192 aradosa.
332 2123 404 2184 Nam
415 2123 555 2184 uhimare
567 2141 711 2202 magnum
721 2145 783 2186 3333
794 2134 823 2185 31
837 2126 947 2185 saevire
962 2126 1054 2184 ventis
1063 2125 1169 2201 coepit,

199 2206 300 2268 limum
320 2207 518 2286 harenamque
545 2214 574 2269 31
597 2227 666 2270 sara
691 2211 818 2288 ingentia
844 2209 950 2269 ductus
969 2207 1104 2268 trahunt:
1131 2209 1170 2267 113
1253 2219 1254 2240 ¹

184 2291 287 2350 ,133133
301 2291 437 2352 locorum
447 2283 513 2352 cum
527 2296 619 2353 ventis
633 2294 718 2355 simul
733 2301 869 2355 mutatur.
906 2293 1005 2372 Syrtes
1022 2289 1058 2350 ab
1074 2297 1173 2352 tractu

173 2375 370 2444 4nominatae.
411 2375 480 2436 Eius
511 2371 630 2438 civitatis
650 2378 747 2456 lingua
770 2378 858 2439 modo
880 2391 1019 2436 convorsa
1041 2375 1205 2441 3333111333

199 2456 401 2527 Numidarum,
421 2457 520 2534 legum
541 2460 693 2540 cultusque
710 2462 849 2541 pleraque
866 2460 1015 2526 Sidonica,
1039 2476 1114 2536 3333
1134 2477 1171 2518 33

198 2539 309 2600 13311133
327 2540 505 2610 retinebant,
531 2545 607 2620 quod
619 2546 734 2623 ,procul
756 2545 791 2606 ab
812 2545 925 2622 inperio
945 2542 1024 2617 regis
1045 2547 1171 2602 aetatem

198 2623 331 2764 pgehant.
359 2623 437 2683 Inter
453 2622 518 2683 illos
531 2633 560 2684 et
574 2627 756 2705 frequentem
770 2628 933 2688 Numidiam
947 2625 1029 2684 multi
1040 2627 1172 2705 vastique

210 2707 366 2778 coierant,

149 2803 188 2865 79
281 2790 332 2852 Set
346 2792 481 2871 quoniam
495 2794 525 2852 13
540 2811 589 2853 333
602 2795 737 2871 regiones
751 2811 805 2874 per
820 2793 1038 2871 Leptitanorum
1052 2795 1171 2871 negotia
1180 2815 1207 2856 aa

200 2877 343 2946 venimus,
364 2893 422 2936 non
445 2877 595 2954 indignum
615 2878 729 2938 ridetur
750 2879 901 2955 egregium
921 2884 1008 2956 31333
1025 2895 1172 2938 memora-

125 2979 128 2988 ·
199 2957 256 3018 hile
274 2961 385 3021 lacinus
399 2960 522 3022 duorum
538 2961 815 3039 Carthaginiensium
831 2980 1009 3023 memorare:
1026 2979 1090 3022 eam
1104 2979 1171 3023 rem
1251 2957 1252 3025 l

173 3039 282 3122 2[nos]
296 3042 377 3104 loeus
392 3045 547 3105 admonuit.
576 3047 637 3118 Qua
655 3052 825 3124 tempestate
840 3046 1093 3124 Carthaginienses
1106 3045 1171 3124 plc-

174 3133 177 3143 '
200 3141 290 3202 33333
304 3127 400 3187 lirion
418 3129 620 3207 inperitahant,
636 3131 817 3192 Curencnses
831 3147 947 3209 quoque
966 3131 1063 3206 magni
1081 3136 1170 3208 atque

173 3208 327 3288 qopulenti
354 3210 444 3272 luere.
492 3214 569 3290 Ager
597 3216 627 3273 iu
649 3215 745 3276 medio
767 3215 947 3282 harenosus,
974 3215 1206 3290 una-speciem
1250 3203 1251 3298 l

182 3309 294 3370 cneque
315 3292 422 3352 flumen
444 3313 539 3374 neque
559 3315 643 3358 mons
664 3305 739 3367 erat,
768 3299 902 3377 quiduis
930 3313 1031 3357 eorum
1058 3297 1169 3358 discer-

200 3383 297 3436 neret:
313 3393 446 3454 quaeres
468 3396 518 3438 eos
528 3382 557 3440 in
569 3397 674 3458 magno
686 3382 880 3459 diuturnoque
890 3379 967 3440 hello
980 3380 1055 3438 inter
1068 3398 1100 3440 se
1114 3381 1168 3441 ha-

147 3513 159 3534 s
176 3457 269 3523 abuit.
292 3459 446 3538 Postquam
460 3464 606 3540 utrimque
617 3464 761 3542 legiones,
777 3467 846 3525 item
863 3463 968 3524 dossas
984 3479 1071 3542 saepe
1084 3463 1170 3524 lusae

200 3540 277 3616 lug*
424 3542 535 3604 *alteri
552 3545 658 3609 alteros
677 3550 854 3631 aliquantum
876 3545 1059 3615 adtriverant,
1082 3549 1168 3608 veriti
