2548 3930
198 221 236 277 74
323 205 324 214 ¹
369 237 411 278 ou
430 235 533 280 sunno
556 235 754 278 worarurno
780 235 807 278 o.
827 229 871 282 58.
893 215 935 282 59.
959 228 1002 284 60.

170 384 275 448 atibus
289 390 405 461 portam
421 383 569 460 inrumpit.
599 381 635 444 lt
656 386 749 447 nostri
769 385 923 461 repentino
944 389 1025 445 metu
1045 384 1177 462 perculsi

77 499 82 503 ·
196 469 252 529 sibi
263 470 385 546 quisque
396 484 450 544 pro
461 465 594 529 moribus
605 466 774 528 consulunt:
788 467 835 526 alii
847 473 927 528 arma
939 485 1054 544 capere,
1068 485 1176 545 magua

169 566 265 630 3pars
280 547 418 613 volnerati
433 556 482 611 aut
496 548 594 611 occisi.
624 549 759 612 Ceterum
774 567 809 610 er
825 553 904 611 omni
917 551 1099 612 multtudne
1114 569 1177 611 non

196 635 320 714 amplius
335 635 534 714 quadraginta,
546 652 694 696 memores
706 635 831 694 nomtnis
841 633 973 704 Romani,
990 650 1080 718 grege
1095 634 1175 695 lacto

194 719 294 780 locum
309 736 414 798 cepere
435 717 521 795 paulo
543 735 630 797 quam
651 717 699 780 alii
721 718 881 787 editiorem,
906 735 1001 802 neque
1023 717 1091 781 iude
1110 736 1199 780 mas

196 821 284 863 ruma
304 804 331 862 vi
352 801 458 880 depelli
479 804 647 880 quiverunt,
676 808 721 872 set
748 801 807 864 tela
828 803 940 868 eminus
961 801 1049 866 missa
1071 803 1175 867 remit·
1254 853 1255 870 ,

194 893 272 955 tere,
296 887 382 962 pauci
402 883 587 964 iuplurihus
601 886 697 946 minus
716 886 863 950 frustrati:
886 885 931 944 siu
943 883 1087 948 Numidae
1102 903 1175 964 pro·

195 971 260 1047 pius
278 968 483 1038 adcessisseut,
506 968 547 1032 ibi
568 987 638 1030 rero
659 971 796 1030 vitutem
816 967 971 1031 ostendere
990 975 1018 1028 et
1039 987 1090 1028 eos
1110 987 1175 1029 ma·
1254 969 1255 974 ’

168 1071 282 1122 aruma
304 1053 331 1112 ri
353 1052 484 1121 caedere,
508 1051 632 1132 luodere
653 1059 739 1134 atque
754 1053 866 1129 fugare.
905 1049 1025 1136 Interim
1040 1051 1177 1114 Metellus

194 1154 262 1200 cum
289 1154 443 1200 acerrume
470 1154 534 1198 rem
552 1144 684 1212 gereret,
711 1135 870 1204 tumultum
891 1133 1025 1197 hostilem
1050 1154 1066 1195 a
1087 1144 1212 1212 tergora

194 1222 321 1298 accepit:
357 1221 424 1289 dein
458 1237 599 1282 convorso
625 1237 699 1296 equo
723 1219 925 1284 animadvortit
952 1218 1051 1294 lugam
1077 1219 1114 1280 ed
1141 1237 1177 1281 se

95 1309 99 1336 '
168 1321 313 1372 evorsum
334 1305 413 1372 fieri,
439 1321 513 1380 quae
537 1319 587 1366 res
611 1301 756 1364 indicabat
772 1299 928 1379 'popularis
958 1319 1032 1362 esse.
1080 1303 1176 1378 Igitur

195 1389 353 1466 equitatum
376 1404 492 1454 ornnem
516 1385 554 1452 ud
579 1391 673 1445 castra
692 1402 819 1464 propere
840 1385 931 1454 misit,
963 1402 997 1445 ao
1012 1387 1108 1452 stathn
1137 1388 1175 1448 G.

192 1472 317 1551 Marium
336 1488 403 1534 oum
424 1469 592 1536 cohortibus
614 1465 775 1538 sociorum,
798 1477 922 1546 eumque
935 1467 1102 1530 lacrumans
1118 1489 1176 1550 per

193 1555 347 1620 arnicItiam
368 1572 480 1632 perque
501 1571 566 1618 rem
586 1551 734 1632 publicam
748 1551 891 1621 obsecrat,
907 1570 944 1616 ue
965 1569 1051 1630 quam
1069 1562 1210 1614 contu-rs

193 1637 310 1703 mellan
331 1656 486 1704 remanere
507 1640 538 1702 in
559 1637 689 1699 exercitu
709 1637 833 1704 victore,
857 1653 929 1698 neve
951 1635 1041 1694 hostis
1058 1637 1176 1698 inultos

166 1723 275 1795 gabire
294 1723 376 1786 sinat„
399 1721 451 1790 Ille
469 1722 552 1785 hreri
570 1720 706 1788 mandata
726 1719 821 1782 elficit.
861 1719 899 1781 nt
918 1717 1056 1795 Iugurtha
1076 1723 1175 1782 muni·

193 1812 291 1870 mento
312 1812 477 1872 castrorum
496 1806 655 1882 inpeditus,
679 1821 746 1864 cum
768 1803 815 1866 alii
832 1820 923 1883 supera
937 1801 1043 1864 vallum
1056 1807 1175 1880 praeci-

192 1891 372 1965 pitarentur,
391 1887 482 1954 eliiiu
498 1889 636 1965 angustiis
650 1887 706 1963 ipsi
719 1885 774 1946 sibi
787 1893 980 1966 properantes
998 1885 1173 1958 obtinerent,

192 1969 291 2033 multis
308 1970 421 2032 aurissis
436 1971 466 2034 in
481 1969 545 2036 loca
562 1969 672 2036 munita
683 1986 747 2028 sese
764 1970 884 2050 recepit.
913 1966 1045 2030 Metellus
1059 1970 1173 2032 inlecto
1185 1990 1210 2032 ao

192 2054 324 2130 negotio,
346 2058 502 2134 postquam
521 2069 580 2120 uox
601 2051 716 2119 aderat,
739 2052 768 2112 in
785 2060 879 2112 castra
895 2069 962 2112 oum
978 2055 1106 2118 exercitu
1123 2073 1173 2116 re-

193 2139 323 2201 vortitur.

80 2222 83 2238 *
140 2215 181 2278 59
275 2220 367 2300 Igitur
381 2225 502 2304 postero
515 2219 654 2304 dieprius
669 2236 756 2298 quaro
778 2217 815 2283 ad
837 2187 1064 2302 obpugnandum
1084 2236 1173 2296 egre·
1252 2179 1253 2184 ἵ

193 2308 321 2374 deretur,
339 2305 499 2388 equitatura
513 2321 630 2380 omnem
651 2305 681 2365 iu
699 2321 733 2364 ea
750 2308 842 2380 parte,
864 2321 920 2385 qua
935 2295 1013 2380 regis
1029 2303 1173 2367 adrentus

193 2394 263 2458 erat,
280 2405 336 2465 pro
354 2389 455 2456 castris
471 2389 580 2466 agitare
595 2386 684 2456 iubet,
702 2393 803 2463 portas
825 2392 853 2447 et
873 2404 1015 2464 proxuma
1037 2387 1101 2446 loca
1117 2391 1172 2450 tri·
1183 2408 1211 2449 as

192 2472 278 2534 hunls
307 2470 451 2548 dispertit,
480 2467 583 2535 deinde
604 2473 666 2549 ipse
687 2472 782 2547 pergit
802 2471 840 2532 ad
861 2470 998 2548 oppidum
1019 2477 1105 2550 atque
1129 2477 1174 2534 uti

191 2553 344 2632 superiore
356 2552 402 2613 die
408 2569 526 2620 murum
534 2553 711 2628 adgreditur.
725 2553 845 2620 Interim
855 2552 995 2630 Iugurtb'a
1006 2571 1041 2614 er
1053 2555 1173 2616 occrrlto

165 2641 313 2715 arepente
327 2640 443 2700 nostros
458 2636 580 2697 invadit:
597 2637 686 2714 quiin
702 2654 846 2713 proxumo
862 2637 947 2698 locati
958 2637 1082 2703 fuerant,
1095 2655 1173 2715 pau.

166 2719 281 2798 31isper
302 2717 397 2782 territi
439 2717 641 2788 erturbautur‚
664 2718 766 2779 relicui
781 2721 837 2781 cito
853 2720 1034 2792 subveniunt.
1064 2719 1174 2800 Neque

191 2805 298 2868 diutius
319 2733 460 2868 Nurnirsse
483 2803 619 2868 resistere
634 2803 804 2882 quivissent,
827 2804 857 2863 ni
870 2803 982 2884 pedites
1000 2821 1067 2864 cum
1086 2809 1172 2884 equi-
1183 2824 1214 2868 ao

190 2887 269 2952 obus
287 2886 423 2964 permixti
438 2901 573 2961 maguam
590 2884 702 2948 cladem
716 2887 746 2944 in
767 2903 927 2962 congressu
941 2886 1085 2948 facerent:
1103 2893 1171 2966 qui-

190 2969 248 3031 hus
260 2969 301 3032 illi
322 2968 397 3038 freti,
415 2985 483 3037 nou,
504 2970 545 3034 uti
562 2970 689 3054 equestri
703 2968 815 3053 proelio
834 2971 914 3039 solet,
937 2973 1019 3050 sequi
1034 2971 1100 3031 dein
1119 2991 1171 3034 ee-

191 3051 271 3120 dere,
288 3058 332 3115 set
346 3051 474 3116 advorsis
491 3053 572 3136 equis
585 3055 773 3122 concurrere,
787 3053 927 3132 inplicare
942 3074 976 3115 ao
990 3053 1171 3134 perturbare

134 3183 139 3190 ,
191 3135 299 3197 aciem:
316 3135 354 3196 lte
374 3135 513 3213 expeditis
527 3134 671 3214 peditibus
686 3137 744 3197 suis
759 3136 849 3200 hostis
864 3155 957 3218 paene
974 3140 1064 3199 victos
1084 3137 1170 3202 dare.

140 3219 181 3280 60
191 3218 302 3279 Eodem
319 3222 451 3294 tempore
471 3218 549 3298 apud
571 3219 688 3279 Zamam
709 3222 862 3298 magnoni
887 3221 1063 3287 certabatur.
1108 3221 1172 3284 Ubi
1186 3241 1219 3284 as

191 3303 313 3380 quisque
339 3297 452 3375 legatus
474 3309 524 3367 aut
548 3301 683 3366 tribunus
703 3299 836 3372 curabat,
865 3322 901 3365 eo
927 3322 1080 3366 acerrume
1101 3308 1169 3376 niti,

189 3401 286 3466 neque
298 3379 370 3446 alius
389 3382 419 3444 in
434 3383 488 3449 alio
502 3387 595 3465 magis
610 3383 697 3466 quam
715 3387 744 3448 in
764 3403 828 3448 sese
842 3404 924 3465 spem
940 3385 1064 3450 habere:
1086 3392 1172 3466 pari-

189 3472 293 3544 terque
308 3464 443 3545 oppidani
459 3483 560 3546 agere:
577 3467 746 3548 obpugnare
758 3475 807 3534 aut
816 3467 921 3548 parare
933 3471 1068 3543 omnibus
1081 3471 1174 3544 loeis,
