<?xml version="1.0" encoding="UTF-8"?>
<!DOCTYPE html PUBLIC "-//W3C//DTD XHTML 1.0 Transitional//EN"
    "http://www.w3.org/TR/xhtml1/DTD/xhtml1-transitional.dtd">
<html xmlns="http://www.w3.org/1999/xhtml" xml:lang="en" lang="en">
 <head>
  <title>
</title>
<meta http-equiv="Content-Type" content="text/html;charset=utf-8" />
  <meta name='ocr-system' content='tesseract 3.04.00' />
  <meta name='ocr-capabilities' content='ocr_page ocr_carea ocr_par ocr_line ocrx_word'/>
</head>
<body>
  <div class='ocr_page' id='page_1' title='image "./decatalinaeconi00dietgoog_0009.png"; bbox 0 0 2536 3936; ppageno 0'>
   <div class='ocr_carea' id='block_1_1' title="bbox 337 645 1015 777">
    <p class='ocr_par' dir='ltr' id='par_1_1' title="bbox 337 645 1015 777">
     <span class='ocr_line' id='line_1_1' title="bbox 337 645 1015 777; baseline -0.003 -49"><span class='ocrx_word' id='word_1_1' title='bbox 337 647 434 730; x_wconf 79' lang='grc' dir='ltr'><strong>ιιι</strong></span> <span class='ocrx_word' id='word_1_2' title='bbox 461 645 717 777; x_wconf 75' lang='grc' dir='ltr'>ιιιιιιιι</span> <span class='ocrx_word' id='word_1_3' title='bbox 748 646 920 758; x_wconf 77' lang='lat' dir='ltr'><strong>oursel</strong></span> <span class='ocrx_word' id='word_1_4' title='bbox 1012 669 1015 674; x_wconf 35' lang='lat'>¹</span> 
     </span>
    </p>
   </div>
   <div class='ocr_carea' id='block_1_2' title="bbox 573 812 683 898">
    <p class='ocr_par' dir='ltr' id='par_1_2' title="bbox 573 812 683 898">
     <span class='ocr_line' id='line_1_2' title="bbox 573 812 683 898; baseline 0 -2"><span class='ocrx_word' id='word_1_5' title='bbox 573 812 683 898; x_wconf 78' lang='lat' dir='ltr'><strong>arene</strong></span> 
     </span>
    </p>
   </div>
   <div class='ocr_carea' id='block_1_3' title="bbox 193 949 1040 1144">
    <p class='ocr_par' dir='ltr' id='par_1_3' title="bbox 193 949 1040 1144">
     <span class='ocr_line' id='line_1_3' title="bbox 193 949 1040 1144; baseline -0.001 -32"><span class='ocrx_word' id='word_1_6' title='bbox 193 1025 290 1112; x_wconf 85' lang='lat' dir='ltr'><strong>nu</strong></span> <span class='ocrx_word' id='word_1_7' title='bbox 318 949 601 1110; x_wconf 80' lang='grc' dir='ltr'>ιιιιιιιιιι</span> <span class='ocrx_word' id='word_1_8' title='bbox 627 1002 1040 1144; x_wconf 79' lang='lat' dir='ltr'><strong>oonlvmnona.</strong></span> 
     </span>
    </p>
   </div>
   <div class='ocr_carea' id='block_1_4' title="bbox 194 1384 1150 1477">
    <p class='ocr_par' dir='ltr' id='par_1_4' title="bbox 194 1384 1150 1477">
     <span class='ocr_line' id='line_1_4' title="bbox 194 1384 1150 1477; baseline 0.003 -16"><span class='ocrx_word' id='word_1_9' title='bbox 194 1388 195 1392; x_wconf 27' lang='lat'>¹</span> <span class='ocrx_word' id='word_1_10' title='bbox 223 1384 336 1472; x_wconf 85' lang='lat' dir='ltr'><strong>Omnis</strong></span> <span class='ocrx_word' id='word_1_11' title='bbox 357 1397 504 1477; x_wconf 61' lang='lat' dir='ltr'><strong>homines</strong></span> <span class='ocrx_word' id='word_1_12' title='bbox 535 1405 584 1476; x_wconf 82' lang='lat' dir='ltr'><strong>qul</strong></span> <span class='ocrx_word' id='word_1_13' title='bbox 610 1416 674 1458; x_wconf 90' lang='lat' dir='ltr'><strong>sese</strong></span> <span class='ocrx_word' id='word_1_14' title='bbox 702 1397 819 1460; x_wconf 82' lang='lat' dir='ltr'><strong>student</strong></span> <span class='ocrx_word' id='word_1_15' title='bbox 846 1403 1150 1475; x_wconf 77' lang='lat' dir='ltr'><strong>praestareceterisl</strong></span> 
     </span>
    </p>
   </div>
   <div class='ocr_carea' id='block_1_5' title="bbox 20 1481 1119 1560">
    <p class='ocr_par' dir='ltr' id='par_1_5' title="bbox 20 1481 1119 1560">
     <span class='ocr_line' id='line_1_5' title="bbox 20 1481 1119 1560; baseline 0 -15"><span class='ocrx_word' id='word_1_16' title='bbox 20 1498 23 1514; x_wconf 91' lang='grc'><em>·</em></span> <span class='ocrx_word' id='word_1_17' title='bbox 139 1483 328 1554; x_wconf 81' lang='lat' dir='ltr'>animalibus,</span> <span class='ocrx_word' id='word_1_18' title='bbox 351 1499 465 1543; x_wconf 86' lang='lat' dir='ltr'><strong>summa</strong></span> <span class='ocrx_word' id='word_1_19' title='bbox 481 1499 538 1560; x_wconf 91' lang='lat' dir='ltr'><strong>ope</strong></span> <span class='ocrx_word' id='word_1_20' title='bbox 554 1483 606 1541; x_wconf 90' lang='lat' dir='ltr'><strong>niti</strong></span> <span class='ocrx_word' id='word_1_21' title='bbox 620 1481 720 1552; x_wconf 88' lang='lat' dir='ltr'><strong>decet,</strong></span> <span class='ocrx_word' id='word_1_22' title='bbox 742 1499 780 1542; x_wconf 92' lang='lat' dir='ltr'><strong>ne</strong></span> <span class='ocrx_word' id='word_1_23' title='bbox 795 1484 882 1542; x_wconf 84' lang='lat' dir='ltr'><strong>vitam</strong></span> <span class='ocrx_word' id='word_1_24' title='bbox 897 1481 1011 1543; x_wconf 90' lang='lat' dir='ltr'><strong>silentio</strong></span> <span class='ocrx_word' id='word_1_25' title='bbox 1024 1491 1119 1545; x_wconf 87' lang='lat' dir='ltr'><strong>trans-</strong></span> 
     </span>
    </p>
   </div>
   <div class='ocr_carea' id='block_1_6' title="bbox 139 1563 1144 1728">
    <p class='ocr_par' dir='ltr' id='par_1_6' title="bbox 139 1563 1144 1728">
     <span class='ocr_line' id='line_1_6' title="bbox 139 1563 1118 1662; baseline 0.001 -33"><span class='ocrx_word' id='word_1_26' title='bbox 139 1574 207 1629; x_wconf 90' lang='lat' dir='ltr'><strong>eant</strong></span> <span class='ocrx_word' id='word_1_27' title='bbox 228 1565 315 1628; x_wconf 83' lang='lat' dir='ltr'><strong>veluti</strong></span> <span class='ocrx_word' id='word_1_28' title='bbox 336 1583 453 1644; x_wconf 89' lang='lat' dir='ltr'><strong>pecora,</strong></span> <span class='ocrx_word' id='word_1_29' title='bbox 476 1582 551 1642; x_wconf 91' lang='lat' dir='ltr'><strong>quae</strong></span> <span class='ocrx_word' id='word_1_30' title='bbox 572 1571 677 1624; x_wconf 89' lang='lat' dir='ltr'><strong>natura</strong></span> <span class='ocrx_word' id='word_1_31' title='bbox 701 1582 794 1642; x_wconf 86' lang='lat' dir='ltr'><strong>prona</strong></span> <span class='ocrx_word' id='word_1_32' title='bbox 815 1563 902 1662; x_wconf 79' lang='lat' dir='ltr'><strong>atque</strong></span> <span class='ocrx_word' id='word_1_33' title='bbox 915 1569 1009 1627; x_wconf 89' lang='lat' dir='ltr'><strong>ventri</strong></span> <span class='ocrx_word' id='word_1_34' title='bbox 1031 1568 1118 1630; x_wconf 89' lang='lat' dir='ltr'><strong>oboe-</strong></span> 
     </span>
     <span class='ocr_line' id='line_1_7' title="bbox 139 1647 1144 1728; baseline 0.003 -17"><span class='ocrx_word' id='word_1_35' title='bbox 139 1651 247 1711; x_wconf 88' lang='lat' dir='ltr'><strong>dientia</strong></span> <span class='ocrx_word' id='word_1_36' title='bbox 269 1651 360 1711; x_wconf 85' lang='lat' dir='ltr'><strong>linxit.</strong></span> <span class='ocrx_word' id='word_1_37' title='bbox 405 1649 456 1709; x_wconf 90' lang='lat' dir='ltr'><strong>Set</strong></span> <span class='ocrx_word' id='word_1_38' title='bbox 476 1655 576 1706; x_wconf 87' lang='lat' dir='ltr'><strong>nostra</strong></span> <span class='ocrx_word' id='word_1_39' title='bbox 598 1648 692 1706; x_wconf 90' lang='lat' dir='ltr'><strong>omnis</strong></span> <span class='ocrx_word' id='word_1_40' title='bbox 712 1647 806 1708; x_wconf 80' lang='lat' dir='ltr'><strong>visin</strong></span> <span class='ocrx_word' id='word_1_41' title='bbox 828 1650 924 1707; x_wconf 89' lang='lat' dir='ltr'><strong>auimo</strong></span> <span class='ocrx_word' id='word_1_42' title='bbox 947 1656 976 1710; x_wconf 89' lang='lat' dir='ltr'><strong>ct</strong></span> <span class='ocrx_word' id='word_1_43' title='bbox 995 1666 1144 1728; x_wconf 84' lang='lat' dir='ltr'><strong>corpore2</strong></span> 
     </span>
    </p>
   </div>
   <div class='ocr_carea' id='block_1_7' title="bbox 15 1730 1119 1900">
    <p class='ocr_par' dir='ltr' id='par_1_7' title="bbox 15 1730 1119 1900">
     <span class='ocr_line' id='line_1_8' title="bbox 17 1730 1119 1808; baseline 0.005 -18"><span class='ocrx_word' id='word_1_44' title='bbox 17 1771 21 1784; x_wconf 85' lang='lat'><em>.</em></span> <span class='ocrx_word' id='word_1_45' title='bbox 118 1735 194 1793; x_wconf 75' lang='lat' dir='ltr'><strong>csita</strong></span> <span class='ocrx_word' id='word_1_46' title='bbox 216 1740 276 1792; x_wconf 88' lang='lat' dir='ltr'><strong>est:</strong></span> <span class='ocrx_word' id='word_1_47' title='bbox 303 1731 391 1796; x_wconf 88' lang='lat' dir='ltr'><strong>animi</strong></span> <span class='ocrx_word' id='word_1_48' title='bbox 419 1730 540 1807; x_wconf 88' lang='lat' dir='ltr'><strong>inperio,</strong></span> <span class='ocrx_word' id='word_1_49' title='bbox 570 1730 702 1806; x_wconf 85' lang='lat' dir='ltr'><strong>corporis</strong></span> <span class='ocrx_word' id='word_1_50' title='bbox 730 1730 845 1790; x_wconf 81' lang='lat' dir='ltr'><strong>servitio</strong></span> <span class='ocrx_word' id='word_1_51' title='bbox 873 1733 993 1808; x_wconf 89' lang='lat' dir='ltr'><strong>magis</strong></span> <span class='ocrx_word' id='word_1_52' title='bbox 990 1734 1119 1796; x_wconf 91' lang='lat' dir='ltr'><strong>utimur:</strong></span> 
     </span>
     <span class='ocr_line' id='line_1_9' title="bbox 15 1811 1119 1900; baseline 0.003 -24"><span class='ocrx_word' id='word_1_53' title='bbox 15 1888 20 1900; x_wconf 29' lang='grc' dir='ltr'>ι</span> <span class='ocrx_word' id='word_1_54' title='bbox 138 1813 264 1876; x_wconf 85' lang='lat' dir='ltr'><strong>alterum</strong></span> <span class='ocrx_word' id='word_1_55' title='bbox 282 1813 368 1874; x_wconf 87' lang='lat' dir='ltr'><strong>nobis</strong></span> <span class='ocrx_word' id='word_1_56' title='bbox 390 1832 457 1874; x_wconf 90' lang='lat' dir='ltr'><strong>cum</strong></span> <span class='ocrx_word' id='word_1_57' title='bbox 472 1813 543 1883; x_wconf 86' lang='lat' dir='ltr'><strong>deis,</strong></span> <span class='ocrx_word' id='word_1_58' title='bbox 566 1812 691 1874; x_wconf 89' lang='lat' dir='ltr'><strong>alterum</strong></span> <span class='ocrx_word' id='word_1_59' title='bbox 706 1831 773 1874; x_wconf 90' lang='lat' dir='ltr'><strong>cum</strong></span> <span class='ocrx_word' id='word_1_60' title='bbox 787 1811 882 1874; x_wconf 91' lang='lat' dir='ltr'><strong>beluis</strong></span> <span class='ocrx_word' id='word_1_61' title='bbox 897 1833 1051 1878; x_wconf 90' lang='lat' dir='ltr'><strong>commune</strong></span> <span class='ocrx_word' id='word_1_62' title='bbox 1067 1828 1119 1879; x_wconf 89' lang='lat' dir='ltr'><strong>est.</strong></span> 
     </span>
    </p>
   </div>
   <div class='ocr_carea' id='block_1_8' title="bbox 62 1897 1151 2726">
    <p class='ocr_par' dir='ltr' id='par_1_8' title="bbox 139 1897 1145 1979">
     <span class='ocr_line' id='line_1_10' title="bbox 139 1897 1145 1979; baseline 0 -19"><span class='ocrx_word' id='word_1_63' title='bbox 139 1899 204 1970; x_wconf 85' lang='lat' dir='ltr'><strong>Quo</strong></span> <span class='ocrx_word' id='word_1_64' title='bbox 218 1897 290 1960; x_wconf 85' lang='lat' dir='ltr'><strong>uiibi</strong></span> <span class='ocrx_word' id='word_1_65' title='bbox 302 1899 412 1959; x_wconf 90' lang='lat' dir='ltr'><strong>rectius</strong></span> <span class='ocrx_word' id='word_1_66' title='bbox 426 1897 540 1959; x_wconf 84' lang='lat' dir='ltr'><strong>videtur</strong></span> <span class='ocrx_word' id='word_1_67' title='bbox 549 1898 647 1975; x_wconf 86' lang='lat' dir='ltr'><strong>ingeni</strong></span> <span class='ocrx_word' id='word_1_68' title='bbox 663 1915 751 1975; x_wconf 88' lang='lat' dir='ltr'><strong>quam</strong></span> <span class='ocrx_word' id='word_1_69' title='bbox 765 1898 870 1958; x_wconf 87' lang='lat' dir='ltr'><strong>virium</strong></span> <span class='ocrx_word' id='word_1_70' title='bbox 881 1898 986 1979; x_wconf 89' lang='lat' dir='ltr'><strong>opibus</strong></span> <span class='ocrx_word' id='word_1_71' title='bbox 997 1900 1145 1977; x_wconf 85' lang='lat' dir='ltr'><strong>gloriam3</strong></span> 
     </span>
    </p>

    <p class='ocr_par' dir='ltr' id='par_1_9' title="bbox 139 1980 1117 2062">
     <span class='ocr_line' id='line_1_11' title="bbox 139 1980 1117 2062; baseline 0.001 -17"><span class='ocrx_word' id='word_1_72' title='bbox 139 2001 298 2062; x_wconf 88' lang='lat' dir='ltr'><strong>quaerere,</strong></span> <span class='ocrx_word' id='word_1_73' title='bbox 329 1987 359 2042; x_wconf 88' lang='lat' dir='ltr'><strong>et</strong></span> <span class='ocrx_word' id='word_1_74' title='bbox 386 1984 524 2061; x_wconf 85' lang='lat' dir='ltr'><strong>quoniam</strong></span> <span class='ocrx_word' id='word_1_75' title='bbox 549 1983 606 2042; x_wconf 85' lang='lat' dir='ltr'><strong>vita</strong></span> <span class='ocrx_word' id='word_1_76' title='bbox 635 1981 698 2061; x_wconf 88' lang='lat' dir='ltr'><strong>ipsa</strong></span> <span class='ocrx_word' id='word_1_77' title='bbox 720 1999 777 2060; x_wconf 84' lang='lat' dir='ltr'><strong>qua</strong></span> <span class='ocrx_word' id='word_1_78' title='bbox 799 1980 925 2042; x_wconf 79' lang='lat' dir='ltr'>fruimur</span> <span class='ocrx_word' id='word_1_79' title='bbox 946 1983 1043 2045; x_wconf 83' lang='lat' dir='ltr'><strong>brevis</strong></span> <span class='ocrx_word' id='word_1_80' title='bbox 1066 1986 1117 2056; x_wconf 85' lang='lat' dir='ltr'><strong>est,</strong></span> 
     </span>
    </p>

    <p class='ocr_par' dir='ltr' id='par_1_10' title="bbox 139 2063 1145 2145">
     <span class='ocr_line' id='line_1_12' title="bbox 139 2063 1145 2145; baseline 0.006 -18"><span class='ocrx_word' id='word_1_81' title='bbox 139 2068 311 2128; x_wconf 81' lang='lat' dir='ltr'><strong>memoriam</strong></span> <span class='ocrx_word' id='word_1_82' title='bbox 337 2068 432 2126; x_wconf 84' lang='lat' dir='ltr'><strong>nostri</strong></span> <span class='ocrx_word' id='word_1_83' title='bbox 455 2083 548 2145; x_wconf 56' lang='lat' dir='ltr'><strong>,quam</strong></span> <span class='ocrx_word' id='word_1_84' title='bbox 574 2083 711 2126; x_wconf 84' lang='lat' dir='ltr'><strong>maxume</strong></span> <span class='ocrx_word' id='word_1_85' title='bbox 733 2063 851 2142; x_wconf 86' lang='lat' dir='ltr'><strong>longam</strong></span> <span class='ocrx_word' id='word_1_86' title='bbox 874 2067 1000 2128; x_wconf 83' lang='lat' dir='ltr'><strong>efficere.</strong></span> <span class='ocrx_word' id='word_1_87' title='bbox 1044 2069 1145 2132; x_wconf 73' lang='lat' dir='ltr'><strong>Nema</strong></span> 
     </span>
    </p>

    <p class='ocr_par' dir='ltr' id='par_1_11' title="bbox 62 2147 1120 2311">
     <span class='ocr_line' id='line_1_13' title="bbox 62 2147 1120 2228; baseline 0.008 -22"><span class='ocrx_word' id='word_1_88' title='bbox 62 2199 73 2224; x_wconf 69' lang='grc'><em>,</em></span> <span class='ocrx_word' id='word_1_89' title='bbox 105 2151 305 2212; x_wconf 78' lang='grc' dir='ltr'>ιιιιιίιιιιιιιιι</span> <span class='ocrx_word' id='word_1_90' title='bbox 327 2154 356 2210; x_wconf 85' lang='grc' dir='ltr'><strong>ιι</strong></span> <span class='ocrx_word' id='word_1_91' title='bbox 377 2147 489 2211; x_wconf 91' lang='lat' dir='ltr'><strong>lormae</strong></span> <span class='ocrx_word' id='word_1_92' title='bbox 511 2147 604 2226; x_wconf 91' lang='lat' dir='ltr'><strong>gloria</strong></span> <span class='ocrx_word' id='word_1_93' title='bbox 625 2148 703 2210; x_wconf 82' lang='lat' dir='ltr'><strong>llum</strong></span> <span class='ocrx_word' id='word_1_94' title='bbox 726 2155 813 2228; x_wconf 88' lang='lat' dir='ltr'><strong>atque</strong></span> <span class='ocrx_word' id='word_1_95' title='bbox 828 2149 940 2226; x_wconf 82' lang='lat' dir='ltr'><strong>fragilis</strong></span> <span class='ocrx_word' id='word_1_96' title='bbox 954 2158 1011 2220; x_wconf 89' lang='lat' dir='ltr'><strong>est,</strong></span> <span class='ocrx_word' id='word_1_97' title='bbox 1027 2154 1120 2215; x_wconf 79' lang='lat' dir='ltr'><strong>virtus</strong></span> 
     </span>
     <span class='ocr_line' id='line_1_14' title="bbox 140 2232 576 2311; baseline -0.002 -16"><span class='ocrx_word' id='word_1_98' title='bbox 140 2234 219 2295; x_wconf 92' lang='lat' dir='ltr'><strong>clara</strong></span> <span class='ocrx_word' id='word_1_99' title='bbox 241 2240 433 2311; x_wconf 88' lang='lat' dir='ltr'><strong>aeternaque</strong></span> <span class='ocrx_word' id='word_1_100' title='bbox 441 2232 576 2294; x_wconf 91' lang='lat' dir='ltr'><strong>habetur.</strong></span> 
     </span>
    </p>

    <p class='ocr_par' dir='ltr' id='par_1_12' title="bbox 139 2313 1146 2560">
     <span class='ocr_line' id='line_1_15' title="bbox 224 2313 1146 2392; baseline 0 -14"><span class='ocrx_word' id='word_1_101' title='bbox 224 2317 281 2378; x_wconf 90' lang='lat' dir='ltr'><strong>Set</strong></span> <span class='ocrx_word' id='word_1_102' title='bbox 297 2316 347 2376; x_wconf 87' lang='lat' dir='ltr'><strong>diu</strong></span> <span class='ocrx_word' id='word_1_103' title='bbox 372 2332 513 2392; x_wconf 89' lang='lat' dir='ltr'><strong>magnum</strong></span> <span class='ocrx_word' id='word_1_104' title='bbox 540 2317 617 2376; x_wconf 86' lang='lat' dir='ltr'><strong>inter</strong></span> <span class='ocrx_word' id='word_1_105' title='bbox 638 2313 769 2375; x_wconf 83' lang='lat' dir='ltr'><strong>mortalis</strong></span> <span class='ocrx_word' id='word_1_106' title='bbox 790 2320 940 2375; x_wconf 88' lang='lat' dir='ltr'><strong>certamen</strong></span> <span class='ocrx_word' id='word_1_107' title='bbox 960 2315 1028 2384; x_wconf 85' lang='lat' dir='ltr'><strong>fult,</strong></span> <span class='ocrx_word' id='word_1_108' title='bbox 1054 2319 1146 2380; x_wconf 76' lang='lat' dir='ltr'><strong>vineo</strong></span> 
     </span>
     <span class='ocr_line' id='line_1_16' title="bbox 119 2396 1118 2486; baseline 0.001 -26.022"><span class='ocrx_word' id='word_1_109' title='bbox 119 2399 274 2477; x_wconf 85' lang='lat' dir='ltr'><strong>corporis</strong></span> <span class='ocrx_word' id='word_1_110' title='bbox 296 2415 333 2456; x_wconf 90' lang='lat' dir='ltr'><strong>an</strong></span> <span class='ocrx_word' id='word_1_111' title='bbox 352 2398 462 2457; x_wconf 85' lang='lat' dir='ltr'><strong>virtute</strong></span> <span class='ocrx_word' id='word_1_112' title='bbox 480 2400 569 2458; x_wconf 89' lang='lat' dir='ltr'><strong>animi</strong></span> <span class='ocrx_word' id='word_1_113' title='bbox 597 2415 647 2457; x_wconf 88' lang='lat' dir='ltr'><strong>res</strong></span> <span class='ocrx_word' id='word_1_114' title='bbox 668 2396 800 2476; x_wconf 71' lang='lat' dir='ltr'><strong>militaris</strong></span> <span class='ocrx_word' id='word_1_115' title='bbox 822 2398 914 2473; x_wconf 88' lang='lat' dir='ltr'><strong>magis</strong></span> <span class='ocrx_word' id='word_1_116' title='bbox 933 2399 1118 2486; x_wconf 80' lang='lat' dir='ltr'><strong>procederet.</strong></span> 
     </span>
     <span class='ocr_line' id='line_1_17' title="bbox 139 2471 1146 2563; baseline -0.004 -19"><span class='ocrx_word' id='word_1_117' title='bbox 139 2483 214 2544; x_wconf 86' lang='lat' dir='ltr'><strong>Nam</strong></span> <span class='ocrx_word' id='word_1_118' title='bbox 242 2487 271 2543; x_wconf 90' lang='lat' dir='ltr'><strong>et</strong></span> <span class='ocrx_word' id='word_1_119' title='bbox 295 2480 378 2560; x_wconf 91' lang='lat' dir='ltr'><strong>prius</strong></span> <span class='ocrx_word' id='word_1_120' title='bbox 399 2499 485 2559; x_wconf 89' lang='lat' dir='ltr'><strong>quam</strong></span> <span class='ocrx_word' id='word_1_121' title='bbox 508 2481 629 2559; x_wconf 88' lang='lat' dir='ltr'><strong>incipias</strong></span> <span class='ocrx_word' id='word_1_122' title='bbox 651 2479 792 2563; x_wconf 75' lang='lat' dir='ltr'><strong>consulto,</strong></span> <span class='ocrx_word' id='word_1_123' title='bbox 816 2487 845 2542; x_wconf 92' lang='lat' dir='ltr'><strong>et</strong></span> <span class='ocrx_word' id='word_1_124' title='bbox 867 2481 916 2542; x_wconf 91' lang='lat' dir='ltr'><strong>ubi</strong></span> <span class='ocrx_word' id='word_1_125' title='bbox 937 2471 1146 2548; x_wconf 79' lang='lat' dir='ltr'><strong>consulueriso</strong></span> 
     </span>
    </p>

    <p class='ocr_par' dir='ltr' id='par_1_13' title="bbox 108 2564 1151 2726">
     <span class='ocr_line' id='line_1_18' title="bbox 108 2564 1146 2651; baseline 0.006 -27"><span class='ocrx_word' id='word_1_126' title='bbox 108 2573 256 2628; x_wconf 77' lang='lat' dir='ltr'><strong>1emature</strong></span> <span class='ocrx_word' id='word_1_127' title='bbox 278 2564 355 2624; x_wconf 86' lang='lat' dir='ltr'><strong>lacto</strong></span> <span class='ocrx_word' id='word_1_128' title='bbox 377 2583 451 2651; x_wconf 82' lang='lat' dir='ltr'><strong>opus</strong></span> <span class='ocrx_word' id='word_1_129' title='bbox 474 2572 526 2627; x_wconf 91' lang='lat' dir='ltr'><strong>est.</strong></span> <span class='ocrx_word' id='word_1_130' title='bbox 562 2564 656 2624; x_wconf 91' lang='lat' dir='ltr'><strong>ltat</strong></span> <span class='ocrx_word' id='word_1_131' title='bbox 623 2571 782 2642; x_wconf 80' lang='lat' dir='ltr'><strong>utrumque</strong></span> <span class='ocrx_word' id='word_1_132' title='bbox 800 2583 853 2642; x_wconf 88' lang='lat' dir='ltr'><strong>per</strong></span> <span class='ocrx_word' id='word_1_133' title='bbox 872 2583 903 2625; x_wconf 89' lang='lat' dir='ltr'><strong>se</strong></span> <span class='ocrx_word' id='word_1_134' title='bbox 925 2567 1058 2644; x_wconf 83' lang='lat' dir='ltr'><strong>indigens</strong></span> <span class='ocrx_word' id='word_1_135' title='bbox 1078 2569 1120 2630; x_wconf 88' lang='lat' dir='ltr'><strong>al·</strong></span> <span class='ocrx_word' id='word_1_136' title='bbox 1129 2582 1146 2630; x_wconf 84' lang='lat'><strong>7</strong></span> 
     </span>
     <span class='ocr_line' id='line_1_19' title="bbox 140 2646 1151 2726; baseline 0.003 -15"><span class='ocrx_word' id='word_1_137' title='bbox 140 2659 239 2712; x_wconf 89' lang='lat' dir='ltr'><strong>terum</strong></span> <span class='ocrx_word' id='word_1_138' title='bbox 260 2648 379 2710; x_wconf 88' lang='lat' dir='ltr'><strong>alterius</strong></span> <span class='ocrx_word' id='word_1_139' title='bbox 400 2646 507 2711; x_wconf 85' lang='lat' dir='ltr'><strong>auxilio</strong></span> <span class='ocrx_word' id='word_1_140' title='bbox 529 2655 604 2726; x_wconf 91' lang='lat' dir='ltr'><strong>eget</strong></span> <span class='ocrx_word' id='word_1_141' title='bbox 634 2649 726 2724; x_wconf 84' lang='lat' dir='ltr'><strong>Igitur</strong></span> <span class='ocrx_word' id='word_1_142' title='bbox 741 2649 821 2708; x_wconf 90' lang='lat' dir='ltr'><strong>initio</strong></span> <span class='ocrx_word' id='word_1_143' title='bbox 842 2665 982 2726; x_wconf 85' lang='lat' dir='ltr'><strong>reges-</strong></span> <span class='ocrx_word' id='word_1_144' title='bbox 1002 2669 1071 2712; x_wconf 90' lang='lat' dir='ltr'><strong>nam</strong></span> <span class='ocrx_word' id='word_1_145' title='bbox 1083 2653 1151 2714; x_wconf 80' lang='grc' dir='ltr'>ιιι2</span> 
     </span>
    </p>
   </div>
   <div class='ocr_carea' id='block_1_9' title="bbox 7 2731 1159 2819">
    <p class='ocr_par' dir='ltr' id='par_1_14' title="bbox 7 2731 1159 2819">
     <span class='ocr_line' id='line_1_20' title="bbox 7 2731 1159 2819; baseline 0.007 -29"><span class='ocrx_word' id='word_1_146' title='bbox 7 2735 24 2814; x_wconf 31' lang='grc' dir='ltr'><strong>ἲ,</strong></span> <span class='ocrx_word' id='word_1_147' title='bbox 139 2736 237 2796; x_wconf 88' lang='lat' dir='ltr'><strong>terris</strong></span> <span class='ocrx_word' id='word_1_148' title='bbox 246 2749 354 2795; x_wconf 87' lang='lat' dir='ltr'><strong>nomen</strong></span> <span class='ocrx_word' id='word_1_149' title='bbox 375 2734 469 2812; x_wconf 90' lang='lat' dir='ltr'><strong>inperi</strong></span> <span class='ocrx_word' id='word_1_150' title='bbox 489 2734 518 2794; x_wconf 88' lang='lat' dir='ltr'><strong>id</strong></span> <span class='ocrx_word' id='word_1_151' title='bbox 537 2735 665 2811; x_wconf 85' lang='lat' dir='ltr'><strong>primum</strong></span> <span class='ocrx_word' id='word_1_152' title='bbox 687 2731 799 2792; x_wconf 86' lang='lat' dir='ltr'><strong>luit-</strong></span> <span class='ocrx_word' id='word_1_153' title='bbox 824 2731 932 2792; x_wconf 86' lang='lat' dir='ltr'><strong>divorsi</strong></span> <span class='ocrx_word' id='word_1_154' title='bbox 952 2752 1022 2814; x_wconf 87' lang='lat' dir='ltr'><strong>pars</strong></span> <span class='ocrx_word' id='word_1_155' title='bbox 1039 2737 1159 2819; x_wconf 72' lang='lat' dir='ltr'><strong>inge.</strong></span> 
     </span>
    </p>
   </div>
   <div class='ocr_carea' id='block_1_10' title="bbox 58 2816 1260 3646">
    <p class='ocr_par' dir='ltr' id='par_1_15' title="bbox 93 2816 1260 3646">
     <span class='ocr_line' id='line_1_21' title="bbox 140 2816 1119 2895; baseline 0.002 -17"><span class='ocrx_word' id='word_1_156' title='bbox 140 2820 238 2886; x_wconf 85' lang='lat' dir='ltr'><strong>nium,</strong></span> <span class='ocrx_word' id='word_1_157' title='bbox 253 2817 301 2878; x_wconf 89' lang='lat' dir='ltr'><strong>alii</strong></span> <span class='ocrx_word' id='word_1_158' title='bbox 315 2833 423 2895; x_wconf 87' lang='lat' dir='ltr'><strong>corpus</strong></span> <span class='ocrx_word' id='word_1_159' title='bbox 438 2817 630 2878; x_wconf 81' lang='lat' dir='ltr'><strong>exercebant:</strong></span> <span class='ocrx_word' id='word_1_160' title='bbox 654 2817 803 2876; x_wconf 82' lang='lat' dir='ltr'><strong>etiamtum</strong></span> <span class='ocrx_word' id='word_1_161' title='bbox 819 2817 875 2876; x_wconf 91' lang='lat' dir='ltr'><strong>vita</strong></span> <span class='ocrx_word' id='word_1_162' title='bbox 891 2816 1080 2879; x_wconf 90' lang='lat' dir='ltr'><strong>hominum&#39;</strong></span> <span class='ocrx_word' id='word_1_163' title='bbox 1057 2836 1119 2880; x_wconf 86' lang='lat' dir='ltr'><strong>sme</strong></span> 
     </span>
     <span class='ocr_line' id='line_1_22' title="bbox 142 2895 1183 2982; baseline 0.004 -20"><span class='ocrx_word' id='word_1_164' title='bbox 142 2901 298 2979; x_wconf 86' lang='lat' dir='ltr'><strong>cupiditate</strong></span> <span class='ocrx_word' id='word_1_165' title='bbox 320 2900 499 2980; x_wconf 77' lang='lat' dir='ltr'><strong>agitabatur,</strong></span> <span class='ocrx_word' id='word_1_166' title='bbox 522 2919 574 2962; x_wconf 91' lang='lat' dir='ltr'><strong>sua</strong></span> <span class='ocrx_word' id='word_1_167' title='bbox 594 2901 701 2982; x_wconf 82' lang='lat' dir='ltr'><strong>cuique</strong></span> <span class='ocrx_word' id='word_1_168' title='bbox 722 2899 791 2960; x_wconf 89' lang='lat' dir='ltr'><strong>satis</strong></span> <span class='ocrx_word' id='word_1_169' title='bbox 812 2895 975 2977; x_wconf 89' lang='lat' dir='ltr'><strong>placebant.</strong></span> <span class='ocrx_word' id='word_1_170' title='bbox 1013 2901 1144 2964; x_wconf 67' lang='lat' dir='ltr'><strong>nosceta</strong></span> <span class='ocrx_word' id='word_1_171' title='bbox 1171 2915 1183 2966; x_wconf 81' lang='grc' dir='ltr'><strong>ἰ</strong></span> 
     </span>
     <span class='ocr_line' id='line_1_23' title="bbox 58 2983 1118 3064; baseline 0.007 -25.332"><span class='ocrx_word' id='word_1_172' title='bbox 58 2999 211 3044; x_wconf 77' lang='lat' dir='ltr'><strong>acuero</strong></span> <span class='ocrx_word' id='word_1_173' title='bbox 239 3002 326 3062; x_wconf 85' lang='lat' dir='ltr'><strong>quam</strong></span> <span class='ocrx_word' id='word_1_174' title='bbox 354 2988 384 3046; x_wconf 92' lang='lat' dir='ltr'><strong>in</strong></span> <span class='ocrx_word' id='word_1_175' title='bbox 410 2986 476 3045; x_wconf 80' lang='lat' dir='ltr'><strong>Asia</strong></span> <span class='ocrx_word' id='word_1_176' title='bbox 503 2984 609 3064; x_wconf 82' lang='lat' dir='ltr'><strong>Cyrus,</strong></span> <span class='ocrx_word' id='word_1_177' title='bbox 635 2985 665 3044; x_wconf 90' lang='lat' dir='ltr'><strong>in</strong></span> <span class='ocrx_word' id='word_1_178' title='bbox 692 2983 814 3048; x_wconf 79' lang='lat' dir='ltr'><strong>Graecia</strong></span> <span class='ocrx_word' id='word_1_179' title='bbox 834 2983 1056 3046; x_wconf 88' lang='lat' dir='ltr'><strong>Lacedaemonii</strong></span> <span class='ocrx_word' id='word_1_180' title='bbox 1089 2994 1118 3048; x_wconf 92' lang='lat' dir='ltr'><strong>et</strong></span> 
     </span>
     <span class='ocr_line' id='line_1_24' title="bbox 93 3065 1116 3152; baseline 0.005 -25"><span class='ocrx_word' id='word_1_181' title='bbox 93 3141 96 3152; x_wconf 28' lang='lat' dir='ltr'><em>s</em></span> <span class='ocrx_word' id='word_1_182' title='bbox 146 3066 338 3128; x_wconf 74' lang='lat' dir='ltr'><strong>Athenienses</strong></span> <span class='ocrx_word' id='word_1_183' title='bbox 358 3086 482 3147; x_wconf 89' lang='lat' dir='ltr'><strong>coepere</strong></span> <span class='ocrx_word' id='word_1_184' title='bbox 499 3069 580 3129; x_wconf 90' lang='lat' dir='ltr'><strong>urbis</strong></span> <span class='ocrx_word' id='word_1_185' title='bbox 598 3074 684 3146; x_wconf 86' lang='lat' dir='ltr'><strong>atque</strong></span> <span class='ocrx_word' id='word_1_186' title='bbox 703 3068 835 3128; x_wconf 91' lang='lat' dir='ltr'><strong>nationes</strong></span> <span class='ocrx_word' id='word_1_187' title='bbox 849 3065 994 3144; x_wconf 85' lang='lat' dir='ltr'><strong>subigere,</strong></span> <span class='ocrx_word' id='word_1_188' title='bbox 1011 3069 1116 3132; x_wconf 87' lang='lat' dir='ltr'><strong>lubidi-</strong></span> 
     </span>
     <span class='ocr_line' id='line_1_25' title="bbox 140 3149 1118 3229; baseline 0.004 -19"><span class='ocrx_word' id='word_1_189' title='bbox 140 3167 209 3212; x_wconf 88' lang='lat' dir='ltr'><strong>nem</strong></span> <span class='ocrx_word' id='word_1_190' title='bbox 236 3149 403 3214; x_wconf 87' lang='lat' dir='ltr'><strong>dominandi</strong></span> <span class='ocrx_word' id='word_1_191' title='bbox 426 3161 564 3214; x_wconf 84' lang='lat' dir='ltr'><strong>caussam</strong></span> <span class='ocrx_word' id='word_1_192' title='bbox 577 3150 647 3213; x_wconf 92' lang='lat' dir='ltr'><strong>belli</strong></span> <span class='ocrx_word' id='word_1_193' title='bbox 665 3151 785 3220; x_wconf 87' lang='lat' dir='ltr'><strong>babere,</strong></span> <span class='ocrx_word' id='word_1_194' title='bbox 808 3167 975 3211; x_wconf 85' lang='lat' dir='ltr'><strong>maxumam</strong></span> <span class='ocrx_word' id='word_1_195' title='bbox 995 3153 1118 3229; x_wconf 84' lang='lat' dir='ltr'><strong>gloriam</strong></span> 
     </span>
     <span class='ocr_line' id='line_1_26' title="bbox 141 3226 1117 3334; baseline 0.001 -39"><span class='ocrx_word' id='word_1_196' title='bbox 141 3237 173 3295; x_wconf 89' lang='lat' dir='ltr'><strong>iu</strong></span> <span class='ocrx_word' id='word_1_197' title='bbox 186 3252 325 3296; x_wconf 83' lang='lat' dir='ltr'><strong>maxumo</strong></span> <span class='ocrx_word' id='word_1_198' title='bbox 341 3238 455 3315; x_wconf 90' lang='lat' dir='ltr'><strong>inperio</strong></span> <span class='ocrx_word' id='word_1_199' title='bbox 466 3243 586 3334; x_wconf 80' lang='lat' dir='ltr'><strong>putare,</strong></span> <span class='ocrx_word' id='word_1_200' title='bbox 604 3242 666 3296; x_wconf 93' lang='lat' dir='ltr'><strong>tum</strong></span> <span class='ocrx_word' id='word_1_201' title='bbox 682 3226 800 3296; x_wconf 86' lang='lat' dir='ltr'><strong>demum</strong></span> <span class='ocrx_word' id='word_1_202' title='bbox 813 3234 945 3334; x_wconf 84' lang='lat' dir='ltr'><strong>periculo</strong></span> <span class='ocrx_word' id='word_1_203' title='bbox 960 3242 1047 3316; x_wconf 91' lang='lat' dir='ltr'><strong>atque</strong></span> <span class='ocrx_word' id='word_1_204' title='bbox 1065 3255 1117 3296; x_wconf 89' lang='lat' dir='ltr'><strong>ne·</strong></span> 
     </span>
     <span class='ocr_line' id='line_1_27' title="bbox 143 3318 1115 3416; baseline 0.005 -39"><span class='ocrx_word' id='word_1_205' title='bbox 143 3320 228 3393; x_wconf 86' lang='lat' dir='ltr'><strong>gotiis</strong></span> <span class='ocrx_word' id='word_1_206' title='bbox 251 3327 423 3416; x_wconf 81' lang='lat' dir='ltr'><strong>conpertum</strong></span> <span class='ocrx_word' id='word_1_207' title='bbox 443 3328 485 3380; x_wconf 88' lang='lat' dir='ltr'><strong>est</strong></span> <span class='ocrx_word' id='word_1_208' title='bbox 506 3321 537 3380; x_wconf 91' lang='lat' dir='ltr'><strong>in</strong></span> <span class='ocrx_word' id='word_1_209' title='bbox 557 3319 635 3381; x_wconf 91' lang='lat' dir='ltr'><strong>bello</strong></span> <span class='ocrx_word' id='word_1_210' title='bbox 660 3318 856 3415; x_wconf 85' lang='lat' dir='ltr'><strong>plurumum</strong></span> <span class='ocrx_word' id='word_1_211' title='bbox 847 3321 999 3416; x_wconf 78' lang='lat' dir='ltr'><strong>ingenium</strong></span> <span class='ocrx_word' id='word_1_212' title='bbox 1015 3337 1115 3398; x_wconf 85' lang='lat' dir='ltr'><strong>..posse</strong></span> 
     </span>
     <span class='ocr_line' id='line_1_28' title="bbox 108 3401 1260 3484; baseline 0.01 -25"><span class='ocrx_word' id='word_1_213' title='bbox 108 3401 229 3472; x_wconf 81' lang='lat' dir='ltr'><strong>acQuod</strong></span> <span class='ocrx_word' id='word_1_214' title='bbox 257 3405 282 3484; x_wconf 85' lang='lat' dir='ltr'><strong>si</strong></span> <span class='ocrx_word' id='word_1_215' title='bbox 307 3419 413 3480; x_wconf 87' lang='lat' dir='ltr'><strong>regum</strong></span> <span class='ocrx_word' id='word_1_216' title='bbox 441 3410 526 3483; x_wconf 86' lang='lat' dir='ltr'><strong>atque</strong></span> <span class='ocrx_word' id='word_1_217' title='bbox 547 3405 747 3484; x_wconf 88' lang='lat' dir='ltr'><strong>inperatorum</strong></span> <span class='ocrx_word' id='word_1_218' title='bbox 766 3403 856 3464; x_wconf 89' lang='lat' dir='ltr'><strong>animi</strong></span> <span class='ocrx_word' id='word_1_219' title='bbox 875 3403 996 3464; x_wconf 89' lang='lat' dir='ltr'><strong>virtus</strong></span> <span class='ocrx_word' id='word_1_220' title='bbox 987 3420 1018 3464; x_wconf 91' lang='lat' dir='ltr'><strong>m</strong></span> <span class='ocrx_word' id='word_1_221' title='bbox 1043 3413 1142 3482; x_wconf 75' lang='lat' dir='ltr'><strong>pacet</strong></span> <span class='ocrx_word' id='word_1_222' title='bbox 1259 3458 1260 3470; x_wconf 67' lang='grc'>,</span> 
     </span>
     <span class='ocr_line' id='line_1_29' title="bbox 143 3471 1118 3603; baseline 0.006 -59"><span class='ocrx_word' id='word_1_223' title='bbox 143 3486 182 3544; x_wconf 90' lang='lat' dir='ltr'><strong>ita</strong></span> <span class='ocrx_word' id='word_1_224' title='bbox 204 3488 265 3546; x_wconf 91' lang='lat' dir='ltr'><strong>ut&#39;</strong></span> <span class='ocrx_word' id='word_1_225' title='bbox 257 3471 287 3546; x_wconf 85' lang='lat' dir='ltr'><strong>m</strong></span> <span class='ocrx_word' id='word_1_226' title='bbox 304 3487 381 3550; x_wconf 91' lang='lat' dir='ltr'><strong>bello</strong></span> <span class='ocrx_word' id='word_1_227' title='bbox 401 3487 524 3556; x_wconf 83' lang='lat' dir='ltr'><strong>valeret,</strong></span> <span class='ocrx_word' id='word_1_228' title='bbox 545 3486 723 3603; x_wconf 84' lang='lat' dir='ltr'><strong>aequabilius</strong></span> <span class='ocrx_word' id='word_1_229' title='bbox 744 3493 830 3565; x_wconf 84' lang='lat' dir='ltr'><strong>atque</strong></span> <span class='ocrx_word' id='word_1_230' title='bbox 853 3483 1032 3548; x_wconf 71' lang='lat' dir='ltr'><strong>constantius</strong></span> <span class='ocrx_word' id='word_1_231' title='bbox 1053 3504 1118 3550; x_wconf 85' lang='lat' dir='ltr'><strong>sose</strong></span> 
     </span>
     <span class='ocr_line' id='line_1_30' title="bbox 212 3582 961 3646; baseline 0.008 -13"><span class='ocrx_word' id='word_1_232' title='bbox 212 3582 346 3638; x_wconf 68' lang='lat' dir='ltr'><strong>Succusa</strong></span> <span class='ocrx_word' id='word_1_233' title='bbox 948 3587 961 3646; x_wconf 90' lang='lat'>1</span> 
     </span>
    </p>
   </div>
   <div class='ocr_carea' id='block_1_11' title="bbox 0 0 1281 3936">
    <p class='ocr_par' dir='ltr' id='par_1_16' title="bbox 0 0 1281 3936">
     <span class='ocr_line' id='line_1_31' title="bbox 0 0 1281 3936; baseline 0 0"><span class='ocrx_word' id='word_1_234' title='bbox 0 0 1281 3936; x_wconf 95' lang='lat' dir='ltr'><strong> </strong></span> 
     </span>
    </p>
   </div>
  </div>
 </body>
</html>
