2548 3930
172 217 182 238 ⁶
201 167 241 258 58
403 220 445 258 nu
466 219 568 267 nunno
591 217 789 262 rvurnrnrno
813 219 840 260 c.
863 213 905 266 31
928 213 970 266 32

152 411 154 417 .
201 369 287 442 atque
301 381 397 441 paces,
410 370 558 441 postremo
570 323 664 426 divina
675 372 704 426 ct
717 365 843 426 humana
855 369 950 426 omnia
961 385 1051 444 penes
1061 383 1174 447 pannos

149 470 150 479 ι
200 453 293 515 erant,
315 453 486 516 vosautem,
505 447 562 508 hcc
582 455 627 508 est
646 439 771 528 populus
785 443 941 518 llcmanus,
954 452 1050 510 invicti
1065 451 1102 512 ab
1117 450 1213 512 ho·

201 529 302 599 stibus,
316 532 496 607 inperatores
507 533 636 591 omnium
649 532 787 608 gentium,
802 533 1030 614 satishalrebatis
1045 536 1173 594 animam

200 614 342 674 retinere:
365 630 433 674 nam
454 614 621 675 servitutem
642 615 759 694 quidem
785 615 849 693 quis
875 623 1006 686 ,vostrum
1032 635 1173 679 recusare

202 697 344 757 audebat?
967 729 974 753 ι
1183 727 1195 764 5

159 790 191 840 21
285 782 378 856 Atque
395 795 458 856 ego,
480 783 594 840 ιιιιιιιιιι
607 755 669 841 niro
684 781 948 857 flagitiosissumum
967 784 1135 844 existumo
1127 799 1172 842 ιιι-

200 880 279 960 pune
294 864 427 923 iniuriam
441 866 599 942 accepisse,
618 870 716 924 tamen
730 881 781 924 ros
795 865 961 926 hominibus
974 865 1173 926 sceleratissu-

57 1005 58 1008 ,
202 947 256 1006 mis
270 947 429 1022 ignoscere,
446 949 582 1023 quoniam
598 949 672 1008 cives
687 955 766 1016 sunt,
782 966 873 1027 aequo
889 951 984 1009 animo
999 956 1126 1026 paterer,
1142 951 1174 1010 ui

148 1039 193 1088 ·22
201 1029 398 1093 misericordia
414 1031 444 1088 in
458 1033 611 1107 pernitiem
623 1046 727 1094 casura
743 1039 841 1093 esset<
859 1031 931 1092 Nam
946 1039 976 1092 et
990 1032 1060 1101 illis,
1079 1051 1172 1110 quan·

200 1117 263 1172 tum
282 1114 495 1190 inportunitatis
517 1114 633 1183 habent,
648 1129 753 1194 parum
773 1122 816 1176 est
836 1117 951 1194 inpune
963 1115 1038 1176 mele
1058 1116 1206 1185 fecissen

200 1196 257 1255 nisi
276 1195 379 1256 deinde
401 1196 528 1257 faciundi
549 1197 664 1258 licentia
688 1198 824 1276 eripitur,
842 1198 871 1259 c't
884 1200 966 1260 vobis
979 1205 1096 1260 aeterna
1110 1198 1171 1258 scl-

148 1311 149 1316 κ
201 1279 319 1340 licitudc
340 1279 515 1349 remanebit,
544 1299 611 1341 cum
631 1280 802 1356 intellegens
827 1288 877 1342 aut
898 1283 1084 1343 serviundum
1106 1299 1173 1342 esse

99 1358 100 1362 ’
161 1368 253 1434 23nut
265 1380 319 1439 per
333 1379 435 1422 manus
448 1363 610 1425 libertatem
620 1365 809 1424 retinendam.
828 1363 901 1424 Nam
911 1366 978 1426 lidei
992 1366 1105 1445 quidem
1120 1371 1173 1425 aut

201 1445 374 1505 concordiae
394 1463 470 1524 quae
490 1465 557 1526 spes
578 1447 639 1507 esti
666 1446 813 1508 Dominari
833 1447 874 1507 illi
892 1449 1001 1523 colant,
1019 1465 1069 1509 ros
1086 1448 1172 1509 libori

202 1545 280 1588 esse:
296 1528 393 1590 lacere
408 1529 449 1590 illi
464 1532 591 1599 iniurias,
605 1547 656 1598 ros
671 1529 842 1607 prohibere:
858 1539 1005 1608 postremo
1020 1534 1105 1592 sociis
1120 1550 1171 1610 vc·
1181 1553 1205 1594 ιι

158 1613 268 1672 nestris
290 1612 377 1675 veluti
390 1612 530 1683 hostibus,
550 1613 683 1688 hostibus
703 1631 757 1692 pro
772 1615 857 1674 sociis
872 1621 1002 1676 utunurr.
1033 1615 1171 1676 Potestne

200 1698 229 1755 in
242 1702 301 1758 tam
323 1698 443 1759 divorsis
464 1698 609 1760 mentibus
629 1712 687 1775 pax
706 1704 756 1759 aut
777 1699 897 1758 amicitia
912 1693 993 1759 cessei

158 1785 192 1837 25
286 1782 396 1853 Quare
411 1799 517 1841 moneo
530 1781 690 1858 hortorque
703 1798 770 1848 ros,
793 1799 829 1840 ne
847 1788 960 1842 ιιιιιιιιιιι
973 1779 1069 1842 scelus
1085 1782 1172 1858 inpu-

146 1881 149 1888 ’
174 1858 176 1866 '
200 1864 293 1924 nitum
308 1865 450 1928 amittatis.
472 1862 537 1922 Non
551 1863 701 1940 peculatus
718 1865 812 1924 aerari
825 1864 918 1923 lactus
934 1871 991 1932 eat,
1005 1880 1101 1939 neque
1117 1881 1171 1941 per

200 1947 258 2008 rim
278 1945 363 2004 sociis
381 1951 496 2020 ereptae
513 1946 669 2020 pecuniae,
692 1963 766 2023 quae
782 1963 957 2024 quamquam
977 1945 1076 2022 gravia
1091 1954 1170 2016 sunt,
1181 1966 1205 2006 ro

90 2035 92 2047 ’
199 2035 297 2090 tamen
317 2026 523 2088 consuetudine
544 2028 601 2086 iam
622 2043 676 2103 pro
698 2028 787 2088 nihilo
808 2028 967 2089 habentur:
990 2028 1066 2096 hosti
1087 2043 1172 2090 acer-

124 2158 126 2164 ,
199 2121 285 2172 ramo
297 2111 410 2188 prodita
428 2109 520 2169 senati
534 2112 698 2180 auctoritas,
713 2112 860 2190 proditum
876 2113 1022 2189 inperium
1038 2118 1173 2174 vostrum

157 2202 259 2256 ιιιιι.
282 2194 358 2254 domi
375 2191 548 2290 militiaeque
569 2193 754 2272 respublica
775 2194 882 2256 venalis
903 2195 965 2257 luit.
1010 2195 1091 2266 Quae
1112 2197 1173 2256 uisi

201 2279 328 2375 quaesita
343 2281 441 2346 erunt,
456 2277 510 2336 nisi
524 2277 720 2346 vindicatum
713 2297 743 2339 m
757 2281 867 2349 noxios,
881 2281 950 2358 quid
966 2282 1021 2341 erit
1035 2277 1169 2347 relicum,

106 2387 108 2394 ·
199 2378 255 2422 msr
266 2365 299 2419 ut
312 2357 376 2429 illis,
392 2378 441 2438 qur
451 2379 485 2422 ea
495 2360 601 2430 iecere
617 2362 838 2424 oboedientes
813 2381 941 2424 uramus
948 2364 1067 2425 ‘l'Nam
1059 2378 1205 2440 mpunera

198 2441 372 2522 quaelubet
393 2445 489 2505 lacere
510 2441 540 2505 id
561 2452 605 2505 est
617 2463 718 2522 regem
740 2463 812 2507 esse.
1247 2475 1248 2478 ¹

158 2535 191 2584 27
283 2525 386 2612 Neque
400 2543 453 2603 ego
467 2545 526 2598 res,
543 2527 677 2598 Quirites
688 2530 799 2598 hortor,
815 2536 848 2588 nt
860 2529 1169 2590 malitiseirisroslros

197 2623 365 2687 perperam·
363 2627 449 2688 quam
463 2616 543 2670 recte
557 2612 668 2680 iecisse,
683 2617 728 2672 set
736 2629 775 2672 ne
786 2612 963 2687 ignescendo
976 2610 1058 2671 molis
1072 2609 1169 2672 honos

154 2691 343 2792 deperditum
357 2694 438 2754 eatis
460 2692 503 2752 Ad
517 2693 616 2754 loocrn
627 2694 787 2770 republica
803 2695 895 2756 rnulto
909 2699 1037 2772 praestat
1050 2693 1169 2756 benifici

92 2845 95 2850 ,
198 2778 388 2838 inmemorem
402 2793 564 2854 essequam
578 2775 705 2838 maliliciz
718 2776 812 2838 bonus
825 2785 938 2839 tantum
948 2777 1035 2837 modo
1047 2779 1205 2875 sepulcrm

155 2860 230 2920 unfit
248 2859 299 2922 ubi
322 2860 474 2938 neglegas
497 2866 526 2921 at
546 2859 639 2921 malus
660 2860 820 2938 inprobior.
859 2861 903 2922 Ad
922 2860 979 2923 hoc
1000 2862 1026 2923 ai
1046 2863 1169 2922 iniuriae

197 2957 257 3004 non
273 2946 345 3012 sint,
361 2943 431 3004 haut
452 2960 537 3022 saepe
555 2943 641 3004 auxili
658 2944 761 3022 epeas'

148 3018 188 3080 32
281 3027 359 3087 llaec
375 3035 461 3106 atque
475 3027 530 3088 alla
543 3027 664 3088 huiusce
678 3027 757 3088 modi
769 3045 858 3106 saepe
872 3027 999 3088 dicundo
1015 3027 1169 3090 llemmius

195 3108 304 3190 populo
318 3111 482 3185 persuadet,
503 3112 545 3171 ιιιι
564 3110 596 3170 L
614 3109 737 3180 Cassiam
758 3113 807 3188 qui
828 3117 890 3170 tum
904 3115 1023 3188 praetor
1039 3117 1110 3180 erat,
1129 3113 1169 3172 ad

198 3190 367 3268 Iugurtham
383 3194 560 3262 mitteretur,
585 3211 709 3272 eumque
723 3194 892 3279 interposito
905 3193 963 3254 tide
979 3192 1094 3270 publica
1108 3192 1168 3254 Ro-
1179 3217 1205 3258 os

198 3293 277 3336 mam
298 3273 433 3344 duceret,
465 3295 524 3354 quc
550 3276 661 3338 lucilius
691 3259 796 3337 indicio
821 3277 900 3353 regis
920 3275 1022 3336 Scauri
1046 3283 1075 3336 et
1099 3277 1168 3338 roli-

198 3375 336 3500 puorupp,
364 3371 437 3434 quos
456 3361 596 3436 pecuniae
618 3366 718 3438 captae
739 3357 943 3490 secernerem,
961 3357 1065 3420 delicte
1087 3367 1168 3438 peto-

220 3457 291 3502 eren
