2536 3936
220 145 264 200 nn'
286 159 458 203 ‚commune
481 128 723 203 oonrvsarronn
746 158 773 201 c.
796 150 839 218 49.
862 153 905 206 50.
927 154 971 206 51.
1036 141 1076 202 25

767 258 782 283 l

102 307 299 374 ementiundo,
317 323 391 385 quae
413 323 445 366 se
467 325 503 366 ex
517 305 695 367 Volturcioa
790 306 949 384 obrogibus
963 307 1077 370 audisse

102 391 244 458 dicerent,
260 405 398 468 magnam
413 387 455 449 illi
468 389 604 465 invidiam
619 407 653 450 co
696 397 824 458 averant,
840 389 1029 469 usqueadeo,
1044 399 1077 452 ut
1108 441 1110 452 .
1155 419 1159 426 ·

100 473 234 536 nonnulli
246 475 358 553 equites
368 472 501 542 Romani,
515 475 565 558 qui
580 491 616 551 pr
652 473 707 534 sidi
721 491 822 534 caussa
834 491 901 535 cum
912 474 976 534 telis
994 482 1077 535 erant
1110 517 1111 527 .

102 559 215 618 circum
225 556 558 625 aedemConcordiae,se
611 557 711 618 ericuli
720 557 919 633 magnitudine
929 574 979 618 seu
989 560 1077 620 animi

80 640 262 700 smobilitate
276 638 397 717 inpulsi,
420 657 477 718 quo
488 646 535 700 stu
558 641 617 700 'um
632 657 718 702 suurn
731 642 762 700 in
780 658 844 708 rem
860 639 1007 718 publicam
1019 640 1075 702 ela·

101 725 259 794 riusesset,
282 721 440 800 egredienti
448 730 602 800 exsenatu
614 723 733 784 ¹Caesari
749 723 844 800 'gladio
865 725 1075 784 minitarentur.

34 804 37 810 “
187 807 263 868 lium
276 807 349 869 haec
363 808 393 866 in
414 813 517 868 senatu
535 813 661 883 aguntur
683 813 712 866 et
729 805 799 892 drim
818 806 921 884 legatis
941 805 1074 868 Allobro·
1086 810 1129 870 50

105 891 177 965 pum
192 897 221 950 et
234 890 298 950 Tito
313 888 477 960 Volturcio,
495 888 675 978 conprobato
691 909 794 952 eorum
811 891 933 962 indicio,
949 893 1078 968 praemia

104 968 313 1042 decernuntur,
329 972 428 1035 liberti
448 980 477 1033 et
495 975 581 1051 pauci
602 991 638 1034 ex
659 973 811 1034 clientibus
825 973 940 1035 Lentuli
956 975 1077 1036 divorsis

66 1056 255 1118 roitineribus
266 1058 385 1135 opifices
399 1063 486 1136 atque
502 1059 616 1118 servitia
634 1059 664 1118 in
678 1058 749 1118 vicis
762 1058 799 1117 ad
811 1075 879 1118 eum
893 1057 1077 1135 eripiundum
1105 1058 1107 1080 ¹

102 1140 308 1209 sollicitabant,
329 1142 435 1218 partim
454 1140 646 1221 exquirebant
666 1141 756 1202 duces
775 1140 1005 1209 multitudinum,
1027 1143 1076 1219 qui

99 1226 201 1304 precio
222 1241 287 1284 rem
308 1214 455 1302 publicam
474 1243 580 1286 vexare
600 1223 677 1285 soliti
695 1231 792 1294 erant,
813 1223 957 1300 Cethegus
979 1230 1101 1284 autem2

78 1371 83 1385 ,
99 1325 156 1387 per
168 1309 286 1380 nuntios
301 1307 438 1376 landliam
451 1313 538 1392 atque
559 1307 679 1368 libertos
695 1326 778 1377 suos,
800 1308 891 1368 lectos
914 1314 952 1369 et·
964 1308 1075 1380 enerci-

8 1445 9 1450 ,
100 1397 177 1450 tatos
200 1390 244 1470 [in
265 1390 444 1471 audaciam]‚
474 1391 577 1453 orabat
597 1399 630 1452 ut
650 1409 739 1470 grege
761 1392 837 1452 lacto
860 1409 927 1452 curn
952 1389 1017 1452 telis
1039 1391 1076 1452 ad

68 1493 93 1532 rs
103 1491 167 1535 sese
176 1475 392 1553 inrumperent.
417 1473 528 1534 Consul
543 1474 595 1534 ubi
610 1494 643 1536 ea
657 1477 755 1554 parari
770 1476 913 1551 cognovit,
931 1474 1102 1553 dispositis3

99 1558 253 1638 praesidiis
272 1565 367 1618 utres
389 1564 476 1635 atque
490 1563 607 1634 tempus
628 1557 774 1626 monebat,
799 1563 957 1618 convocato
973 1565 1076 1618 senatu

101 1642 208 1708 refert,
234 1641 359 1718 quidde
382 1641 423 1700 eis
437 1639 501 1699 lieri
522 1637 648 1716 placeat,
673 1640 955 1719 quiincustodiam
979 1640 1076 1710 traditi

102 1731 194 1784 erant.
208 1723 268 1784 =Set
282 1741 332 1783 eos
345 1722 432 1800 paulo
447 1728 514 1783 ante
528 1723 666 1801 frequens
680 1730 798 1784 senatus
812 1724 989 1784 iudicaverat
1004 1726 1101 1782 con-4

100 1813 147 1868 tra
160 1825 225 1868 rem
239 1805 386 1885 publicam
405 1806 516 1868 iecisse.
550 1806 626 1868 Tum
643 1806 676 1866 li.
694 1807 794 1868 lunius
812 1806 940 1876 Silanus,
963 1803 1075 1883 primus

67 1907 92 1948 ao
101 1893 272 1950 sententiam
286 1896 405 1967 rogatus
420 1891 498 1969 quod
512 1908 547 1950 eo
561 1896 694 1968 tempore
710 1890 990 1973 consulssdesignatus
1002 1896 1074 1957 erat,
1105 1939 1106 1944 ,
1201 1905 1205 1910 ·

102 1973 207 2043 decis,
230 1973 323 2053 quiin
340 1975 476 2035 custodiis
493 1973 681 2052 tenebantur,
702 1981 731 2034 et
743 1981 896 2052 praeterea
909 1974 945 2036 de
960 1971 991 2034 L.
1007 1971 1074 2035 Cas-

101 2059 159 2126 sio,
182 2059 214 2118 P.
231 2057 336 2126 Furio,
353 2057 385 2117 P.
401 2050 560 2127 Umbr'eno,
576 2059 610 2132 Q.
625 2058 719 2118 Annio
738 2060 762 2119 si
778 2057 953 2136 deprehensi
966 2057 1073 2126 forent,

101 2139 275 2219 subplicium
294 2142 470 2202 sumundum
490 2142 672 2202 decreverat:
688 2144 771 2220 isque
792 2149 902 2220 postea,
924 2147 1095 2217 permotus

102 2227 232 2284 oratione
248 2224 281 2284 G.
298 2224 437 2292 Caesaris,
459 2223 582 2301 pedibus
597 2225 627 2282 in
642 2225 815 2302 sententiam
831 2223 930 2282 'libori
950 2222 1074 2280 Neronis
1090 2197 1134 2272 Ῥ

67 2307 211 2365 asiturum
231 2324 262 2365 se
284 2307 411 2374 dixerat,
434 2308 483 2382 qui
502 2307 537 2364 de
551 2323 632 2365 earo
653 2305 806 2384 praesidiis
822 2305 925 2365 additis
939 2304 1073 2364 reserun-

75 2416 77 2425 ν
102 2389 172 2448 dum
191 2395 353 2449 censuerat.
397 2389 448 2448 Set
466 2387 580 2455 Caesar,
602 2387 653 2448 ubi
665 2388 701 2448 ad
716 2406 784 2449 eum
797 2395 916 2450 ventum
930 2394 974 2450 est
987 2398 1098 2464 roga-5

101 2478 148 2532 tus
169 2473 341 2533 sententiam
355 2489 371 2532 a
386 2470 657 2540 consule-huiusce
664 2471 749 2532 modi
769 2469 858 2533 verba
878 2473 993 2534 locutus
1015 2479 1071 2531 est:

186 2556 295 2617 ‘Omnis
308 2555 450 2625 homines,
465 2562 563 2633 patres
579 2556 743 2632 conscripti,
760 2557 859 2634 qrride
871 2556 962 2618 rebus
979 2555 1072 2616 dubiis
1083 2553 1120 2612 51

102 2639 279 2709 consultant,
302 2639 338 2699 ab
354 2639 420 2700 odio
434 2633 571 2708 amicitia,
596 2641 641 2700 ira
655 2646 741 2718 atque
754 2640 952 2702 misericordia
966 2657 1073 2700 vacuos

26 2795 28 2800 ¹
67 2744 92 2786 oo
102 2741 164 2785 esse
183 2723 274 2784 decet.
297 2724 374 2784 Haut
388 2722 471 2783 lacile
486 2723 599 2783 animus
613 2727 715 2782 verum
731 2723 872 2801 providet,
886 2723 945 2784 'ubi
958 2722 1006 2782 illa
1021 2721 1099 2781 ob·2

100 2806 214 2876 ficiunt,
236 2824 332 2894 neque
347 2808 501 2886 quisquam
515 2807 645 2865 omnium
662 2804 784 2867 lubidini
797 2805 883 2867 simul
899 2813 928 2865 et
941 2807 1008 2866 usui
1021 2822 1072 2882 pa-

100 2891 167 2948 ruit.
195 2889 251 2950 Ubi
266 2890 428 2950 intenderis
439 2891 601 2964 ingenium,
617 2887 706 2950 valet:
730 2888 867 2950 silubido
881 2888 1022 2966 possidet,
1038 2895 1098 2948 ea3

100 2971 278 3042 dominatur,
301 2975 414 3034 animus
427 2972 498 3033 nihil
515 2971 598 3032 valet.
638 2972 742 3050 Magna
762 2973 833 3032 mibi
854 2973 937 3048 copia
953 2979 996 3031 est
1010 2983 1100 3032 meo

100 3055 245 3124 morandi,
261 3061 359 3133 patres
374 3057 545 3133 conscripti,
562 3073 636 3135 quae
650 3073 736 3133 reges
751 3063 838 3134 atque
851 3055 951 3133 populi
964 3057 1008 3132 ira
1023 3061 1072 3116 aut

68 3139 296 3202 omiseritordia
311 3138 417 3215 inpulsi
431 3139 506 3200 male
524 3140 737 3208 consuluerint,
761 3145 805 3199 set
819 3158 852 3200 ea
867 3139 1070 3206 maledicere,

52 3250 54 3256 ·
102 3240 174 3300 quae
188 3225 313 3284 maiores
327 3224 419 3282 nostri
439 3230 541 3285 eontm
559 3221 719 3284 lubidinem
733 3225 820 3284 animi
833 3225 878 3283 sni
892 3229 972 3284 recte
986 3227 1071 3299 atque

101 3307 200 3367 ordine
214 3307 320 3368 iecere.
344 3305 425 3366 Bello
439 3305 634 3376 Macedonico,
653 3307 731 3385 quod
744 3321 810 3368 cum
822 3323 894 3384 rege
904 3305 993 3365 Perse
1006 3308 1096 3380 ges-5

101 3392 204 3458 simus,
228 3390 409 3451 Rhodiorum
430 3391 528 3451 civitas
549 3406 654 3466 magna
683 3397 769 3469 atque
796 3390 966 3468 magnifica,
996 3405 1070 3468 quae
