2548 3930
159 191 200 254 94
365 209 408 250 nn
426 210 528 252 senno
550 209 751 252 rvevnrsrno
775 211 802 251 c.
822 201 865 256 91.
888 201 932 256 92.

145 356 215 418 ‘levi
229 358 410 418 munimento
426 359 526 434 positis
541 356 645 418 milites
659 355 757 420 eibum
771 375 877 435 capere
890 363 976 434 atque
994 359 1036 418 uti
1050 359 1139 420 simul

78 461 81 470 ·
161 459 228 500 eum
245 459 351 502 oeeasu
366 441 434 502 solis
452 441 663 519 egrederentur
679 449 795 517 paratos
811 459 874 501 esse
889 439 983 501 iubet:
1000 445 1139 504 omnibns

134 525 281 590 asareiois
294 524 414 585 obiectis
428 543 503 604 aqua
520 525 607 584 modo
622 541 712 602 seque
726 533 754 586 et
766 525 893 585 iumenta
906 542 1038 584 onerare.
1063 527 1136 586 Dein

159 615 314 686 postquam
329 615 442 687 tempus
458 611 563 677 visum,
578 609 680 669 eastris
695 608 844 686 egreditur
857 615 1030 686 noctemque
1045 617 1137 670 totam

159 692 264 752 itinere
276 691 352 752 laeto
365 693 509 752 consedit:
526 691 603 753 idem
615 709 755 769 proxuma
768 691 851 753 lacit:
866 693 933 753 dein
947 695 1029 752 tertie
1045 693 1161 753 rrrrrltos

159 782 226 836 ente
241 775 313 836 lueis
328 777 482 842 adventum
498 777 630 854 persenit
643 777 673 836 in
687 773 783 836 lorum
796 775 982 843 tumulosum,
995 774 1031 835 ab
1044 777 1138 853 Capsa

159 875 231 918 non
242 859 364 936 amplius
386 859 476 932 duum
498 859 607 919 milium
623 859 789 928 interr,ello
809 858 906 937 ibique
928 877 1014 936 quarn
1037 859 1137 924 uenul-

132 943 278 1005 ttissume
300 949 395 1019 potest
414 961 482 1002 eum
503 943 638 1004 omnibus
654 944 744 1021 copiis
760 945 898 1020 operitur.
937 943 988 1002 Set
1008 943 1057 1002 ubi
1075 943 1138 1003 dies

159 1027 253 1104 eoepit
282 1033 310 1084 et
334 1025 475 1095 Numidae
500 1026 569 1087 nihil
603 1027 707 1088 hostile
732 1033 895 1088 metuentes
918 1025 1000 1086 multi
1027 1013 1252 1102 {oppido-1

159 1111 283 1185 egressi,
298 1117 419 1186 repente
436 1128 552 1172 omnem
568 1113 724 1189 equitatum
745 1118 853 1172 etcum
875 1112 916 1171 eis
931 1108 1137 1170 velocissumos
1149 1131 1174 1170 ro

157 1192 270 1270 pedites
291 1211 378 1254 eursu
402 1195 522 1255 tendere
544 1195 579 1254 ad
594 1194 714 1271 Capsam
733 1200 762 1254 et
779 1201 876 1270 portas
891 1193 1025 1254 obsidere
1041 1194 1135 1254 iubet:

159 1276 265 1338 deinde
282 1279 344 1354 ipse
366 1279 493 1338 intentus
509 1291 639 1354 'propere
659 1279 742 1354 sequi
763 1294 858 1354 neque
876 1277 980 1337 milites
1001 1277 1136 1353 praedari
1250 1335 1251 1350 ἢ

133 1361 265 1430 δβίιιιιε.
303 1361 384 1431 Quae
400 1368 553 1438 postquam
574 1360 710 1437 oppidani
728 1377 906 1438 cognovere,
925 1378 974 1420 res
995 1361 1133 1438 trepidae,

158 1450 253 1504 metus
270 1445 388 1518 ingens,
406 1444 513 1504 malum
530 1445 717 1521 inprovisum,
729 1444 766 1506 ad
780 1445 837 1504 boo
851 1462 919 1522 pars
934 1446 1037 1504 oinium
1054 1452 1133 1508 extre
1250 1513 1251 1520 ἵ

158 1529 271 1586 moenia
284 1529 315 1587 in
326 1526 453 1588 hostium
466 1534 606 1605 potestate
618 1535 742 1604 doegere
758 1530 798 1588 uti
809 1528 982 1588 deditionem
995 1527 1132 1588 lacerent.
1146 1543 1171 1582 rs
1250 1541 1251 1590 ἶ

70 1634 76 1640 ”
131 1609 297 1671 ttCeterum
320 1611 459 1689 oppidum
481 1613 648 1681 insensum,
671 1611 812 1672 Numidae
833 1611 960 1688 puberes
982 1612 1133 1680 interlecti,

132 1692 207 1754 aalii
221 1709 324 1756 omnes
339 1713 462 1756 vaenum
474 1697 547 1756 deti:
562 1694 669 1772 praeda
686 1694 825 1756 militibus
842 1695 939 1755 divisa.
976 1695 1009 1757 ld
1024 1695 1134 1755 facinus

158 1784 260 1838 eontra
276 1780 321 1840 ius
335 1778 404 1839 belli
421 1797 479 1839 non
494 1780 617 1848 avaritia
631 1797 726 1857 neque
747 1779 858 1840 scelere
880 1777 1007 1839 consulis
1029 1779 1134 1840 admis-

157 1878 233 1929 sum,
253 1869 297 1922 set
312 1864 378 1941 quia
393 1862 476 1922 loeus
490 1863 647 1939 lugurtbae
663 1869 833 1938 oportunus,
852 1861 936 1922 nobis
958 1863 1038 1922 aditu
1059 1862 1133 1922 dim·

157 1942 228 2012 cilis,
244 1961 338 2022 genus
352 1945 503 2006 bominum
516 1945 623 2005 mobile
637 1945 767 2014 infidum,
780 1963 874 2023 neque
889 1945 1023 2006 benifieio
1039 1963 1170 2026 nequem

159 2034 239 2088 metu
263 2030 434 2088 coercitum

53 2131 64 2162 t
106 2110 147 2172 92
241 2093 399 2192 postquam
415 2119 524 2173 tantam
539 2131 601 2173 rem
616 2111 761 2173 blarius
738 2130 800 2172 sme
814 2109 874 2172 ullo
888 2129 1009 2174 suorum
1024 2114 1134 2173 ineom·

156 2196 244 2256 modo
261 2196 363 2266 elleoit,
386 2213 509 2273 magnus
532 2203 562 2258 et
583 2196 679 2257 clarus
701 2203 793 2263 antee,
815 2197 907 2256 maior
928 2205 1014 2275 atque
1029 2195 1135 2256 clarior

131 2279 260 2341 rhabert
275 2283 379 2358 coepit.
410 2280 511 2345 Omnia
531 2299 589 2342 non
605 2281 681 2341 bene
697 2280 869 2341 consultatio
888 2282 1021 2340 uirtutem
1038 2279 1134 2340 trabe·

156 2363 279 2424 bantur:
301 2365 419 2432 milites,
434 2365 591 2434 modesto
583 2367 696 2442 inperio
714 2364 803 2425 habiti
818 2363 902 2424 simul
923 2370 953 2424 et
965 2360 1133 2441 locupletes,
1143 2381 1169 2422 rs
1249 2367 1250 2430 l

126 2499 129 2506 .
157 2447 193 2506 ad
215 2447 326 2507 eaelum
348 2448 442 2517 serre,
465 2449 606 2510 Numidae
628 2450 720 2524 magis
742 2466 828 2526 quam
847 2447 1134 2515 mortalem‘timere,

156 2535 305 2606 postremo
321 2547 431 2600 omnes,
448 2533 519 2595 soeii
533 2540 619 2612 etque
634 2533 743 2600 hostes,
760 2532 881 2592 eredere
895 2531 936 2591 illi
946 2538 996 2591 aut
1006 2537 1135 2592 mentem

157 2612 281 2672 divinam
304 2631 367 2674 esse
388 2620 439 2674 eut
459 2614 581 2675 deorum
603 2621 675 2677 nutu
687 2621 803 2675 ,cuneta
820 2615 963 2692 portendi.

132 2708 148 2758 3
242 2695 293 2758 Set
308 2697 424 2766 consul,
442 2697 491 2757 ubi
506 2716 539 2758 ee
553 2715 601 2758 res
612 2697 689 2758 bene
703 2698 812 2767 evenit,
830 2698 865 2758 ed
881 2697 933 2758 elie
950 2699 1055 2776 oppida
1064 2715 1134 2776 per·
1248 2759 1249 2766 χ

157 2781 207 2857 git,
221 2797 311 2856 panea
326 2781 557 2860 repugnantibus
569 2780 702 2844 Numidis
717 2782 800 2857 cepit,
813 2779 906 2858 plura,
920 2781 1033 2843 deserta
1044 2799 1167 2859 prop-so
1248 2801 1249 2860 ι

101 2889 103 2904 =
157 2872 203 2924 ter
217 2864 405 2942 Capsensium
420 2867 561 2935 miserias,
579 2866 638 2942 igni
653 2865 835 2942 conrumpitz·
846 2864 926 2926 luctu
942 2872 1028 2944 atque
1044 2865 1134 2926 oeede

130 2950 255 3008 somnia
276 2949 458 3026 conplentur.
492 2949 622 3028 Denique
639 2947 736 3008 multis
752 2947 823 3008 loeis
839 2951 954 3026 potitus,
978 2967 1012 3009 ac
1031 2948 1134 3026 pleris-

158 3047 215 3109 que
230 3035 358 3093 erereitu
375 3037 538 3104 incruento,
561 3033 645 3094 aliem
668 3048 731 3094 rem
751 3033 927 3110 adgreditur,
949 3050 1009 3092 non
1030 3032 1133 3092 eadem

158 3116 312 3195 asperitate
333 3133 389 3193 qus
410 3117 613 3194 Capsensium,
633 3123 762 3179 ceterum
782 3117 853 3177 baut
873 3134 957 3177 secus
977 3114 1132 3177 difficilem.

130 3202 146 3251 5
242 3197 373 3276 Namque
387 3199 458 3261 haut
471 3201 558 3279 longe
573 3219 589 3262 a
605 3201 724 3262 flumine
745 3200 913 3268 bluluebae,
934 3200 1012 3278 quod
1029 3199 1133 3274 lugur-
1143 3219 1169 3262 as

158 3282 225 3343 tbne
239 3283 405 3362 Bocchique
416 3301 540 3360 regnum
552 3284 744 3361 disiungebat,
762 3291 825 3346 erat
839 3286 916 3344 inter
930 3291 1055 3344 ceteram
1071 3282 1133 3360 pla·

159 3367 257 3426 nitiem
273 3384 357 3428 mons
375 3384 488 3434 saxeus,
511 3370 650 3430 mediocri
671 3369 788 3429 castello
809 3369 877 3427 satis
898 3374 1013 3444 patens,
1036 3367 1066 3425 in
1088 3367 1132 3425 in·

159 3463 292 3510 mensum
314 3452 421 3520 editus,
445 3467 503 3510 uno
518 3460 695 3530 perangusto
715 3451 795 3513 aditu
809 3450 923 3511 relicto:
945 3466 1014 3509 nam
1037 3450 1131 3509 omnis
