2548 3930
188 175 229 240 ct
272 175 275 192 ¹
360 194 402 236 our
423 193 524 238 sunno
546 168 744 238 mensumn
767 190 793 231 c.
815 180 859 236 41.
881 179 925 234 tt.
946 179 991 234 43.

187 341 284 420 plebei
304 343 346 400 ris
366 339 460 401 soluta
481 347 567 418 atque
588 339 718 415 dispersa
734 338 764 396 iu
784 335 967 400 multitudiue
987 337 1083 396 minus
1105 352 1163 412 po·

161 430 271 486 tterat.
307 423 472 484 Paucorum
493 423 612 483 arbitrio
633 421 702 482 belli
719 421 855 500 domique
870 419 1045 497 agitabatur:
1068 435 1165 497 penes
1259 449 1260 466 ι

112 509 116 530 ’
187 509 307 570 cosdem
327 508 473 568 aerarium
486 506 654 584 provinciae
670 505 862 580 magistratus,
882 503 991 580 gloriae
1004 500 1164 579 triumphi·

188 611 246 670 que
267 596 358 660 eraut,
377 589 502 669 populus
523 588 622 652 militia
637 595 722 667 atque
740 588 836 664 inopia
856 586 1054 663 urguebatur:
1074 602 1164 662 prae·

163 676 241 736 8das
261 674 387 748 ,bellicas
415 675 596 750 inperatores
624 687 691 732 cum
713 672 814 748 paucis
833 669 1021 748 diripiebarlt:
1047 671 1188 736 intereas

187 765 324 837 parentes
334 762 384 816 aut
394 757 476 834 parvi
489 754 574 816 liberi
586 755 718 823 militurn,
731 755 905 834 uti-quisque
918 754 1075 830 potentiori
1089 770 1163 812 cou-

161 843 253 902 tiinis
274 847 346 912 erat,
365 837 484 900 sedibus
504 838 696 917 pellebantur.
740 837 783 898 lta
804 855 871 898 oum
891 838 1020 914 potentia
1042 837 1164 896 camilia

187 926 249 985 sine
263 923 350 986 modo
362 923 561 1000 modestiaque
576 922 722 992 invadere,
739 919 871 999 polluere
888 927 917 982 et
929 927 1041 981 vastare
1052 921 1161 987 omnia,

187 1006 259 1068 nihil
274 1007 357 1083 pensi
378 1024 474 1084 neque
488 1008 581 1068 sancti
594 1005 718 1073 habere,
741 1006 837 1082 quoad
855 1007 1027 1081 semetipsa
1046 1004 1162 1081 praeci·
1259 1043 1260 1050 .

146 1096 180 1156 10
188 1093 296 1169 pitavit.
318 1089 391 1150 Nam
401 1089 453 1150 ubi
462 1091 589 1166 primunr
600 1108 636 1149 ex
645 1087 793 1149 nobilitate
803 1089 913 1167 reperti
923 1094 992 1154 sunt
1001 1089 1051 1165 qui
1062 1105 1165 1147 veram
1175 1105 1203 1148 rc
1259 1115 1260 1140 i

82 1181 85 1184 '
187 1175 310 1252 gloriam
331 1174 453 1236 iniustae
474 1175 619 1251 potentiae
640 1178 864 1250 anteponerent,
883 1172 994 1250 moleri
1013 1172 1110 1232 civitas
1134 1178 1167 1230 et
1259 1165 1260 1204 l

136 1251 178 1313 ⁴12
189 1259 329 1319 dissensio
349 1256 437 1317 civilis
458 1259 540 1334 quasi
557 1257 710 1334 permixtio
735 1261 832 1316 tarrac
854 1257 925 1316 oriri
941 1256 1045 1333 coepit.
1086 1252 1166 1316 Nam

186 1349 341 1420 postquam
356 1338 490 1400 Tiberius
508 1346 537 1402 et
550 1339 583 1398 G.
597 1337 756 1406 Gracchus,
772 1356 897 1417 quornm
911 1340 1036 1398 maiores
1050 1337 1164 1398 Punico
1259 1347 1260 1380 l

187 1431 274 1502 atque
289 1422 352 1484 aliis
367 1420 451 1484 bollis
465 1421 589 1484 multum
607 1420 801 1500 reipublicae
816 1423 996 1498 addiderant,
1013 1421 1163 1482 vindicare

81 1573 88 1580 ,
186 1507 303 1587 plebem
323 1508 354 1568 id
374 1506 539 1566 libertatem
558 1515 587 1566 et
606 1523 769 1584 paucorum
787 1506 899 1572 scelera
913 1506 1079 1583 patefacere
1093 1518 1200 1564 coe-1⁵

102 1607 105 1610 ·
185 1609 267 1670 perc,
290 1589 426 1666 nobilitas
440 1591 526 1650 noxia
542 1597 629 1669 atque
644 1607 679 1650 co
695 1589 830 1667 perculsa
844 1590 931 1651 modo
945 1607 999 1669 per
1016 1589 1111 1648 socios
1128 1606 1165 1648 ac

73 1668 80 1686 '
186 1690 295 1737 nomen
309 1674 453 1742 Latinum,
468 1675 615 1737 interdum
629 1691 683 1752 per
697 1675 808 1752 equites
822 1674 978 1742 Romanos,
1001 1690 1075 1752 quos
1095 1689 1165 1748 spes

187 1759 331 1820 societatis
342 1777 359 1818 a
372 1756 458 1835 plebe
473 1758 646 1826 dimoverat,
662 1757 862 1820 Gracchorum
874 1757 1036 1818 actionibus
1047 1755 1164 1816 obviam

186 1843 274 1910 ierat,
294 1847 324 1901 ct
344 1842 439 1917 primo
461 1838 619 1917 Tiberium,
638 1841 705 1902 dein
724 1857 834 1917 paucos
853 1847 919 1918 post
946 1857 1037 1900 anuos
1060 1838 1164 1900 eadem

186 1924 398 2004 ipgredieutem
409 1922 521 1989 Gaium,
536 1923 685 1984 tribunum
697 1922 828 1992 alterum,
841 1923 965 1984 alterum
978 1923 1164 1998 triumvirum
1173 1937 1200 1977 ao

188 2005 309 2066 coloniis
318 2004 514 2073 deducnudis,
533 2023 599 2065 curn
609 2005 646 2064 M.
662 2005 764 2066 Fulvio
779 2005 884 2066 Flacco
901 2006 981 2066 ferro
995 2013 1162 2066 necaverat.
1258 2008 1259 2084 ᾗ

65 2111 68 2118 ·
163 2089 225 2150 2Et
245 2105 317 2150 sane
336 2087 475 2152 Gracchis
496 2089 630 2166 cupidine
651 2090 786 2150 victoriae
808 2089 880 2150 haut
903 2091 972 2150 satis
993 2089 1164 2150 moderatus
1197 2115 1201 2126 r
1258 2085 1259 2122 ³

98 2203 102 2214 .
163 2174 375 2238 aammustuit.
410 2173 460 2234 Set
480 2172 558 2234 bono
574 2174 649 2234 vinci
661 2174 751 2234 satius
762 2180 807 2233 est
821 2191 907 2253 quam
925 2172 1001 2234 malo
1018 2191 1102 2234 more
1116 2175 1164 2233 in·

163 2259 293 2318 siuriam
307 2260 434 2318 vincere.
477 2255 569 2334 Igitur
584 2276 618 2318 ca
631 2259 751 2318 victoria
767 2257 902 2319 nobilitas
916 2275 951 2318 ex
965 2256 1095 2318 lubidine
1108 2273 1165 2317 sua
1258 2307 1259 2336 ,

187 2359 241 2404 usa
257 2340 363 2403 multos
378 2340 508 2404 mortalis
522 2341 602 2404 lerrc
619 2348 669 2402 aut
683 2342 751 2418 luga
766 2343 886 2426 extinxit
900 2340 1023 2420 plusque
1045 2341 1075 2399 in
1092 2338 1164 2400 reli·
1173 2353 1201 2394 aa
1258 2347 1259 2366 ¹

67 2433 78 2472 ¹
189 2444 255 2486 cum
270 2425 325 2485 sibi
339 2428 452 2486 timoris
467 2443 554 2504 quam
569 2427 715 2504 potentiae
730 2425 847 2488 addidit.
879 2426 1017 2497 Quaeres
1031 2422 1165 2500 plerum·

188 2526 244 2585 quo
265 2524 385 2582 magnas
403 2509 530 2568 civitates
549 2510 771 2586 pessumdedit,
794 2509 864 2570 dum
879 2508 963 2568 alteri
977 2507 1083 2566 alteros
1100 2508 1165 2568 vin·

138 2590 141 2601 '
189 2607 256 2650 core
280 2591 381 2668 quovis
400 2591 488 2650 modo
505 2597 535 2650 et
548 2593 639 2651 victos
652 2590 787 2652 acerbius
801 2590 903 2652 ulcisci
916 2589 1024 2650 volunt.
1057 2587 1109 2648 Set
1126 2591 1164 2652 dc

188 2672 290 2734 studiis
309 2674 436 2750 partium
455 2679 485 2734 et
503 2675 597 2734 omnis
611 2675 730 2734 civitatis
743 2674 875 2734 moribus
891 2674 916 2732 si
929 2669 1096 2748 singulatim
1111 2680 1163 2742 aut
1257 2683 1258 2748 1

188 2775 244 2836 pro
265 2756 462 2833 maguitudino
483 2773 584 2835 parem
604 2757 763 2826 disserere,
784 2763 899 2835 tempus
920 2771 1006 2833 quam
1027 2773 1079 2818 res
1098 2775 1202 2818 mar-ao
1257 2805 1258 2822 ,

164 2843 283 2902 aturrus
304 2859 352 2902 me
370 2841 493 2902 deserat.
537 2840 631 2912 Quam
652 2839 690 2902 ob
709 2858 775 2902 rem
795 2841 832 2901 ad
848 2842 996 2918 incaptum
1017 2840 1117 2901 redeo.
1155 2883 1169 2908 ..

136 2925 178 2988 43
270 2923 342 2986 Post
367 2925 433 2986 tuh
458 2924 560 2986 foedus
586 2925 788 3004 exercitusque
814 2927 907 2987 nostri
925 2924 1040 2986 foedam
1061 2923 1164 3001 sugam

189 3004 223 3075 Q.
243 3005 373 3068 Metellus
396 3018 425 3070 et
445 3006 481 3068 Μ.
503 3007 633 3077 Silanus,
664 3008 799 3070 consules
817 3009 971 3086 designati,
998 3009 1163 3086 provincias
1257 2989 1258 3080 l

189 3089 311 3150 intense
323 3094 514 3168 partireraut,
520 3091 693 3171 Metelloque
707 3092 840 3153 Numidia
856 3099 1007 3163 evenerat,
1024 3094 1084 3154 acri
1097 3093 1163 3152 viro
1257 3131 1258 3143 .

190 3177 414 3252 etquamquam
435 3175 556 3236 advorso
577 3175 679 3254 populi
691 3177 817 3255 partium
836 3176 1030 3238 lamatamen
1052 3193 1160 3256 aequa-
1172 3195 1200 3236 as

165 3255 241 3318 abdi
268 3262 296 3318 et
316 3256 458 3320 inviolata.
508 3258 537 3318 ls
557 3258 610 3320 ubi
630 3261 757 3337 primum
784 3262 984 3337 magistratum
1011 3261 1162 3336 ingressus

191 3346 248 3410 est,
271 3338 326 3402 alia
343 3342 439 3400 omnia
459 3340 514 3402 sibi
535 3360 604 3404 cum
624 3343 745 3421 conlega
766 3350 861 3412 ratus,
883 3343 919 3404 ad
940 3342 1062 3412 bellum,
1082 3341 1177 3424 quod'

163 3429 326 3500 agesturus
340 3429 410 3494 crat,
424 3424 552 3486 animum
566 3427 697 3490 intendit.
719 3428 811 3504 Igitur
825 3427 959 3488 diffidens
972 3427 1062 3487 veteri
1076 3443 1162 3514 aror-
