2536 3936
280 203 469 246 unnnnxo
492 193 691 247 xvcvsrnxiao
714 203 740 246 o.
755 197 796 249 14.
821 198 863 250 lc.
1028 187 1070 247 47

52 364 57 373 ·
99 360 151 412 aut
170 351 247 429 apud
270 353 341 412 deos
355 349 514 410 inmortalis
535 349 636 412 rerum
649 352 843 414 humanarum
858 369 928 412 cura
944 353 1069 413 oriatur:

98 453 137 496 nc
150 435 213 504 ille,
230 437 279 514 qui
293 451 372 494 nmac
386 433 545 494 sceleribus
561 437 621 494 suis
634 435 716 498 icrox
731 444 819 514 atque
833 436 1001 512 praeclarus
1016 443 1068 504 cst,
1187 453 1191 460 ·

99 519 234 581 omnibus
248 516 331 580 malis
352 519 533 578 excmaciatus
554 519 697 595 inpietatis
710 523 740 580 in
753 525 905 597 parentem
927 526 1069 588 nostrum,

99 603 196 664 fratris
224 603 282 662 mei
312 603 392 662 necis
419 618 610 679 mearumque
638 605 820 664 miseriarum
846 604 941 678 gravis
962 621 1072 680 poenes

75 685 211 747 arcadas.

184 769 317 837 lamiam,
339 769 430 828 irater
444 770 540 828 animo
554 786 620 830 meo
636 771 809 838 carissume,
827 769 1002 848 quamquam
1019 769 1114 828 tibiae
1158 837 1161 842 .

98 857 259 920 irmtaturo,
283 858 312 912 et
330 851 408 911 unde
423 854 551 912 minume
567 853 680 923 decuit,
703 856 759 914 vita
779 859 878 930 erepta
893 858 952 920 est,
974 857 1072 913 tamen

98 936 265 997 laetandum
279 935 371 1012 magis
393 953 480 1013 quam
499 934 656 996 dolendum
674 943 746 1016 puto
768 953 867 997 casum
889 941 988 996 tuum:
1011 943 1115 996 nonas

100 1022 177 1081 enim
192 1035 330 1096 regnum,
352 1025 396 1080 set
409 1019 509 1097 lugam
524 1019 640 1080 exilium
656 1027 829 1096 egestatem,
850 1024 895 1078 set
912 1021 1005 1080 omnis
1020 1020 1073 1079 has

62 1119 174 1183 acquae
196 1121 243 1163 mc
265 1109 402 1182 premunt
423 1119 578 1163 aerumnas
592 1121 660 1164 cum
676 1106 771 1164 anima
785 1100 871 1162 simul
886 1103 1013 1164 amisisti.
1036 1104 1075 1163 At

100 1203 155 1266 ego
170 1186 282 1256 infelix,
299 1188 420 1246 intanta
434 1186 508 1247 mala
525 1187 730 1265 praecipitatus
744 1206 778 1248 ex
795 1186 888 1264 patrio
906 1202 1008 1262 regno,
1024 1204 1074 1248 re·

52 1266 60 1278 “
99 1289 166 1332 rum
181 1271 375 1332 humanarum
389 1269 585 1348 spectaculum
599 1270 736 1350 praebeo,
753 1273 881 1331 incertus
896 1269 965 1348 quid
979 1286 1073 1346 agam,

99 1363 202 1416 tuasne
219 1355 339 1414 iniurias
354 1371 514 1432 persequar
531 1355 593 1432 ipse
615 1355 702 1415 auxili
717 1371 814 1432 egens
834 1371 870 1413 an
888 1370 980 1431 regno
1003 1370 1072 1414 con-

101 1437 203 1507 sulam,
216 1437 298 1496 cuius
308 1439 381 1496 vitae
393 1439 531 1515 necisque
541 1444 668 1514 potestas
680 1457 715 1499 ex
727 1438 830 1516 opibus
843 1437 944 1497 alicnis
955 1438 1071 1514 pendet.
1151 1495 1152 1502 ,

62 1535 91 1575 so
100 1521 220 1582 Utinam
232 1522 323 1580 emori
344 1519 468 1580 iomanis
481 1521 554 1580 meis
566 1520 706 1581 honestas
720 1523 813 1581 exitus
827 1527 911 1588 essct,
930 1539 987 1581 neu
1008 1523 1073 1581 iure
1083 1530 1117 1579 as

101 1609 285 1682 contemptus
298 1602 423 1670 viderer,
439 1605 464 1662 si
478 1603 608 1662 defessus
622 1602 705 1663 malis
720 1604 842 1664 iniuriae
856 1605 1072 1664 concessissem.

100 1687 189 1746 Nunc
207 1703 303 1764 neque
322 1687 418 1745 vivere
438 1685 520 1746 lubet
538 1701 633 1764 neque
655 1687 731 1745 mori
752 1685 820 1745 licet
840 1685 902 1746 sine
918 1686 1072 1746 dedecore.

185 1769 287 1829 Patres
305 1769 470 1847 conscripti,
492 1786 547 1852 per
562 1787 621 1839 vos,
644 1786 699 1846 per
716 1768 826 1832 liberos
841 1776 927 1848 atque
947 1771 1118 1847 parentets
1227 1821 1229 1824 .

100 1859 228 1921 vostros,
251 1869 305 1931 per
320 1853 498 1913 maiestatem
517 1852 617 1930 populi
631 1851 755 1913 Romani
769 1851 919 1914 subvenite
934 1853 1005 1913 mihi
1021 1855 1074 1912 mi·

62 1953 183 2005 cosano,
210 1938 248 1997 ite
273 1935 387 1996 obviam
407 1937 545 2005 iniuriae,
573 1934 662 1996 nolite
683 1937 743 2014 pati
762 1951 886 2012 regnum
911 1937 1072 2005 Numidiae,
1136 1935 1137 1938 ’

103 2020 181 2100 quod
194 2026 325 2080 vostrum
339 2027 390 2088 est,
410 2037 463 2096 per
478 2019 572 2080 scelus
588 2026 616 2081 ct
633 2021 803 2096 sanguinem
819 2019 943 2086 familiae
957 2027 1075 2082 nostrae

101 2102 272 2165 unescere!

185 2187 342 2265 Postquam
362 2203 416 2245 rex
435 2187 523 2248 linem
542 2183 680 2262 loquendi
701 2185 783 2254 iecit,
804 2184 890 2263 legati
909 2187 1075 2262 Iugurthae,
1088 2190 1126 2250 15

101 2272 255 2347 largitione
265 2270 450 2346 magisquam
462 2267 643 2336 caussaireti,
651 2269 944 2346 paucisrespondent:
956 2268 1074 2346 Hiemp-

63 2353 194 2417 assalem
216 2351 254 2412 ob
278 2353 424 2412 saevitiam
439 2368 522 2412 suam
536 2349 573 2410 ab
592 2350 725 2411 Numidis
740 2349 940 2412 interiectum:
961 2351 1081 2412 Adher:

102 2437 199 2498 balern
220 2434 297 2495 ultro
323 2432 432 2494 bellum
453 2433 642 2502 inferentem,
670 2440 824 2512 postquam
852 2441 1007 2512 superatus
1029 2438 1073 2505 sit,

103 2520 187 2600 queri
208 2518 286 2596 quod
306 2519 442 2578 iniuriam
461 2517 558 2576 facero
571 2518 759 2594 nequivisset:
784 2517 954 2596 lugurtbam
973 2519 1009 2580 ab
1031 2537 1076 2580 se·

102 2610 173 2664 natu
194 2610 309 2681 petere,
332 2620 370 2662 ne
386 2618 418 2661 se
437 2601 523 2661 alium
536 2606 679 2678 putarent,
701 2619 735 2661 ac
752 2601 922 2664 Numantiae
944 2606 1077 2680 cognitus

104 2694 188 2757 esset,
211 2704 268 2746 neu
289 2684 378 2746 verba
398 2685 506 2745 inimici
527 2685 683 2746 antefacta
705 2701 757 2745 sua
779 2693 930 2761 ponerent.
967 2687 1103 2748 Deinden

66 2787 95 2830 so
104 2773 220 2850 attrique
235 2771 315 2830 curia
330 2770 529 2846 egrediuntur.
556 2767 679 2828 Senatus
693 2771 789 2829 statim
804 2769 973 2831 consulitur.
1001 2770 1076 2830 Fau·
1180 2823 1182 2830 ,

103 2861 183 2914 tores
202 2854 382 2930 legatorum,
409 2857 561 2930 practerea
582 2849 727 2932 [senatus]
749 2869 854 2929 magna
874 2869 957 2929 pars,
985 2855 1076 2928 gratia

105 2937 267 3014 depravata,
284 2935 456 2997 Adherbalis
471 2935 546 2995 dicta
558 2941 755 3003 contemnere,
771 2935 928 3010 Iugurthae
942 2937 1076 2996 dautem

79 3083 83 3095 ,
105 3020 243 3083 extollere
257 3018 405 3080 laudibus:
420 3020 512 3095 gratia
526 3033 611 3087 voce,
626 3019 750 3097 denique
766 3017 901 3077 omnibus
914 3019 1009 3081 modis
1021 3037 1076 3098 pro

105 3104 198 3166 alieno
213 3103 324 3164 scelere
345 3110 374 3162 et
394 3103 517 3179 flagitio,
540 3117 592 3162 sua
610 3105 693 3179 quasi
706 3117 761 3178 pro
776 3099 882 3178 gloria,
901 3103 1075 3165 nitebantur.

67 3188 141 3252 ssAt
155 3194 256 3249 contra
270 3188 363 3265 pauci,
380 3185 486 3265 quibus
499 3184 610 3246 bonum
625 3191 654 3246 et
665 3201 767 3244 aecum
781 3183 885 3244 divitiis
899 3189 995 3248 carius
1004 3193 1103 3254 erate

105 3270 338 3332 subveniundum
353 3267 510 3330 Adherbali
525 3276 554 3328 et
569 3267 742 3346 Hiempsalis
757 3275 881 3329 mortem
896 3287 996 3332 severe
1014 3271 1076 3328 rin·

106 3355 258 3416 dicandam
280 3353 445 3421 censebant,
461 3357 505 3412 set
526 3370 562 3412 ex
584 3352 719 3412 omuibus
734 3361 869 3413 maxume
885 3353 922 3414 ll.
939 3353 1076 3413 Aemilius

106 3439 251 3508 Smurns,
274 3439 362 3500 homo
379 3435 497 3504 nobilis,
517 3435 797 3512 inpigertactiosus,
818 3437 917 3498 addas
931 3436 1075 3516 potentiae
