2548 3930
191 273 231 334 70
396 291 438 332 ιιιι
456 289 558 332 eecce
570 289 780 340 ,1vevaruru0
798 277 830 331 e.
855 281 898 335 52.
915 281 958 334 53.

75 503 77 510 ,
140 433 348 516 52puguaudc
373 439 508 500 retinere.
553 437 595 498 Ec
620 438 708 499 medo
734 439 810 498 inter
837 437 947 498 seduc
974 437 1169 512 inperatores,

190 523 296 582 summi
307 523 369 590 viri,
383 521 542 589 certabant,
558 523 613 597 ipsi
623 539 717 598 pares,
734 527 866 582 ceterum
877 517 980 600 0'pibus
992 519 1169 596 disparibus.
1182 551 1186 571 ι

167 605 268 666 2Nem
283 604 398 666 Metelle
416 607 506 666 virtus
517 604 640 666 militum
656 611 731 671 erat,
747 605 829 666 lceus
844 603 992 672 advorsus,
1008 602 1171 682 Iugurthae
1255 643 1256 670 ι

165 688 246 752 salia
268 691 364 750 cmrria
379 693 496 766 praeter
512 687 617 748 milites
632 693 785 766 cpertuua.
820 687 950 766 Denique
964 687 1097 758 Romani,
1116 687 1172 747 ubi
1255 673 1256 756 l

101 821 104 830 .
190 771 361 848 intellegunt
374 789 470 849 neque
481 771 536 832 sibi
546 771 713 849 perfugium
723 789 786 832 esse
797 789 892 849 neque
908 771 944 831 ab
955 771 1038 831 hoste
1054 771 1193 848 copiams
1255 773 1256 836 l

190 855 339 936 pugnandi
358 855 422 914 fieri
441 889 476 900 -
495 861 523 914 et
544 856 601 916 iam
617 855 662 916 die
677 873 781 934 vesper
800 861 862 916 erat
879 887 925 923 -,
941 853 1065 915 adverse
1083 853 1171 926 colle,
1255 851 1256 924 l

165 940 277 998 esicuti
297 943 486 1014 praeceptum
509 939 613 1007 luerat,
637 939 770 1000 evadunt.
813 938 926 1010 Amisso
943 937 1009 998 loce
1025 937 1172 998 Numidae

170 1020 248 1082 lusi
265 1020 429 1099 fugatique:
446 1023 532 1098 pauci
552 1023 698 1091 interiere,
714 1022 870 1101 plerosque
887 1020 1025 1081 valcellas
1040 1027 1069 1081 et
1085 1022 1172 1096 regio

65 1173 66 1180 ἵ
191 1103 349 1164 bestibus'
342 1122 444 1182 ignara
459 1110 551 1167 tutata
571 1112 647 1165 suut,

163 1198 181 1248 b
275 1187 390 1250 Interea
410 1188 570 1257 Bomilcar,
594 1207 681 1266 quem
702 1187 861 1266 elephantis
882 1195 910 1248 et
927 1167 1003 1264 parti
1018 1189 1207 1264 copiarumrc

192 1271 372 1348 pedestrium
387 1271 568 1351 praefectum
579 1271 616 1332 ab
630 1271 771 1348 Iugurtha
785 1289 874 1348 supra
890 1272 1023 1346 diximus,
1036 1271 1087 1332 ubi
1100 1290 1173 1332 cum

191 1354 318 1416 Rutilius
331 1363 567 1434 praetergressus
582 1361 634 1424 est,
656 1354 796 1436 paulatim
813 1372 883 1414 suos
904 1355 933 1416 in
954 1373 1056 1415 aecum
1065 1353 1172 1430 locum

192 1438 310 1500 deducit
331 1457 381 1508 ac,
405 1439 476 1500 dum
495 1437 607 1516 legatus
633 1439 670 1499 ad
690 1437 800 1510 llumeu
824 1457 882 1517 que
903 1439 1079 1515 praemissus
1106 1445 1172 1500 erat

193 1521 332 1584 festinans
345 1523 457 1600 pergit,
480 1524 603 1600 quietus
622 1524 666 1584 uti
679 1539 729 1582 res
744 1521 916 1600 postulabat,
937 1524 1028 1584 aciem
1047 1530 1171 1584 exornat

167 1611 289 1684 tueque
310 1608 429 1666 remittit
448 1605 517 1684 quid
533 1604 641 1684 uquue
662 1605 752 1668 bostis
769 1613 869 1684 ageret
890 1605 1051 1682 explorare,
1085 1605 1171 1666 Post·
1183 1629 1205 1670 ιι

195 1707 283 1768 quam
308 1689 448 1752 Rutilium
478 1689 674 1752 consedisse'
666 1709 724 1750 ram
746 1696 774 1750 et
798 1691 894 1751 anime
913 1707 1035 1762 vacuom
1058 1691 1173 1766 accepit

175 1773 336 1860 simrdque
355 1793 390 1834 ex
409 1773 567 1854 Iugurthae
579 1772 691 1851 proelio
708 1772 865 1834 clamorem
880 1775 990 1850 augeri,
1007 1775 1114 1833 veritus
1133 1791 1172 1834 ne

175 1850 304 1932 legatus
327 1859 441 1932 cognita
467 1875 500 1917 re
520 1855 720 1918 laborantibus
742 1859 801 1916 suis
825 1857 930 1916 auxilio
952 1856 1043 1923 feret,
1066 1856 1171 1924 aciem,
1255 1859 1256 1892 ³

17 1993 19 1998 .
127 2011 129 2014 ¹
193 1957 280 2015 quam
298 1939 432 2000 diffidens
453 1941 551 1998 virtuti
572 1937 696 2000 militum
714 1945 783 1999 arte
790 1945 944 2007 statuerat,
967 1956 1025 2016 que
1041 1937 1173 2000 bestium

192 2022 289 2082 itineri
303 2020 442 2082 obiiceret
456 2019 540 2082 latius
558 2023 682 2118 pcrrIgIt
703 2039 796 2100 ecque
810 2022 898 2082 mede
913 2022 950 2082 ad
968 2020 1056 2082 Rutili
1074 2029 1206 2086 cestram

143 2099 334 2183 53prccedit.
365 2103 489 2166 Romani
511 2123 546 2170 ex
567 2106 713 2181 inproviso
728 2103 856 2184 pulveris
877 2106 935 2165 vim
949 2105 1085 2181 magnam
1108 2109 1172 2167 aui-

195 2189 394 2250 madrurtuut:
416 2207 485 2252 nam
504 2195 692 2268 prospectum
713 2205 782 2265 eger
805 2187 930 2251 arbustis
952 2191 1079 2250 consitus
1100 2207 1172 2268 pre-

93 2295 96 2310 *
195 2273 322 2336 bibebat
362 2273 398 2336 llt
418 2275 513 2352 prIme
535 2274 593 2334 rati
613 2273 736 2336 humum
750 2273 861 2334 aridam
874 2278 959 2334 vento
977 2273 1088 2349 agitari,
1104 2279 1173 2350 pest

195 2357 247 2418 ubi
257 2357 438 2435 aequabilem
452 2375 571 2420 manere
582 2363 618 2426 et,
631 2359 715 2420 sicuti
726 2359 802 2422 acies
812 2355 991 2426 movebatur,
1004 2356 1096 2433 magis
1107 2374 1172 2418 ma·

194 2442 298 2518 gisque
312 2441 546 2520 adpropinquare
559 2442 664 2510 vident,
685 2443 800 2518 cognita
821 2459 854 2502 re
874 2439 1209 2519 properantes'armau

167 2525 312 2600 ²capiunt
323 2540 357 2582 ac
367 2527 546 2600 prccastris,
559 2526 643 2602 sicuti
653 2525 851 2603 imperabatur,
865 2527 1033 2586 consistunt.
1049 2523 1170 2593 Deinde,

193 2605 245 2665 ubi
259 2607 378 2683 propIus
393 2613 511 2668 rentum
526 2613 578 2675 est,
594 2609 741 2685 utrimque
752 2625 857 2684 magno
874 2605 1000 2666 clamore
1018 2609 1171 2670 concurri·

168 2694 252 2750 3tur.
296 2687 437 2750 Numidae
458 2695 571 2750 tantum
591 2690 678 2750 mede
698 2691 844 2757 remorati,
870 2689 940 2750 dum
957 2691 987 2749 iu
1010 2688 1172 2766 elephantis

194 2771 332 2836 auxilium
354 2777 470 2852 putant,
497 2779 653 2851 postquam
673 2791 723 2834 ecs
743 2771 888 2851 inpeditos
911 2773 999 2832 ramis
1030 2773 1172 2834 arboruur

194 2864 282 2938 atque
304 2859 342 2918 ita
364 2857 499 2918 disiectos
520 2857 723 2922 circumveniri
744 2856 849 2926 vident,
873 2855 974 2934 lugam
995 2857 1112 2924 iaciunt,
1136 2875 1212 2918 acac

106 2959 110 2984 ν
194 2941 326 3020 plerique
341 2942 459 3002 abiectis
479 2943 567 3002 armis
584 2940 665 3006 cellis
680 2947 729 3000 aut
749 2941 860 3008 uectis,
883 2959 957 3018 quae
978 2941 1037 3002 iam
1058 2939 1170 3010 aderat,

167 3025 300 3084 eaurilic
321 3027 428 3103 integri
446 3025 562 3088 abeunt.
613 3024 766 3102 Elephanti
793 3029 929 3102 quattuor
955 3026 1045 3101 cepti,
1067 3023 1173 3090 relicui

195 3123 311 3179 omues,
334 3118 458 3170 audiere
480 3110 679 3189 quadraginta,
699 3107 853 3172 interlecti
1255 3117 1256 3148 l

169 3203 185 3252 5
278 3189 316 3252 At
334 3190 457 3254 Romani
476 3209 652 3272 quamquem
670 3193 775 3256 itinere
794 3197 881 3270 atquc
900 3208 988 3269 opere
1007 3197 1174 3252 castrorum

195 3271 346 3351 etpreelio
364 3275 432 3336 lessi
451 3275 575 3355 laetique
590 3279 712 3338 victoria
727 3281 825 3343 eraut,
846 3282 958 3344 tamem
974 3274 1052 3352 qued
1070 3273 1173 3334 llletel-
1161 3298 1213 3340 -ις

195 3359 241 3418 lus
264 3357 387 3434 amplius
417 3361 553 3434 opiuieue
577 3360 760 3427 morabatur,
783 3360 916 3422 uestructi
936 3358 1095 3435 intentique
1117 3357 1173 3418 eb-

168 3442 270 3502 cuam
287 3441 464 3519 precedunt:
488 3460 556 3504 nam
574 3443 657 3505 delus
678 3442 870 3506 Numidarum
883 3440 953 3501 nihil
975 3440 1105 3515 languidi
1119 3458 1174 3502 ue·

170 3535 252 3603 tque
271 3527 384 3586 remissi
400 3525 572 3602 patiebatur.
600 3527 642 3588 Ac
658 3529 752 3606 primo
768 3525 892 3588 obscura
906 3529 1000 3593 nocte,
1015 3531 1175 3603 postquem
