2548 3930
198 203 239 268 86
300 250 304 258 ,
336 225 381 264 nn
400 223 508 270 annno„
523 222 723 264 wnvnrnmo
747 221 776 263 c.
798 213 841 266 80.
861 213 905 266 81.
927 214 969 268 82.
990 215 1034 268 83»

198 375 336 451 quisque,
358 389 445 449 quiam
466 371 617 449 plurumas
635 387 752 440 uxores
767 371 858 431 denas
877 369 986 430 aliialii
1009 369 1108 448 plures
1124 369 1181 450 ba-

173 457 282 525 abent,
307 462 352 514 set
366 472 451 532 reges
471 473 506 514 eo
522 453 655 533 amplius.
687 454 728 513 Ita
744 456 858 514 animus
871 453 1055 518 mullitudIne
1069 453 1180 513 distra-

195 541 292 601 hitur:
321 539 399 600 nulla
422 557 477 616 pro
498 539 575 598 socia
599 537 718 605 obtinet,
742 540 852 614 pariter
878 535 979 598 omnes
1001 537 1071 596 viles
1094 547 1176 596 sunt.

149 624 289 699 811gitur
310 626 340 683 in
362 624 459 683 locum
487 620 630 682 ambobus
651 621 788 700 placitum
807 623 958 682 'exercitus
982 623 1177 681 conveniunt:

198 708 239 768 ibi
261 708 317 767 lide
339 708 404 766 data
425 713 454 766 et
474 712 592 782 accepta
612 705 752 781 Iugurtha
773 704 880 766 Bocchi
893 707 1020 766 animum
1043 707 1202 766 orationes

198 791 347 852 adcendit:
369 790 516 849 Romanos
530 791 664 857 iniustos,
687 789 832 872 prolunda
853 789 986 856 avaritia,
1010 791 1176 848 communis

199 877 326 940 omnium
342 874 432 933 hostis
444 889 521 933 esse:
534 873 657 933 eandem
669 872 732 932 illos
744 890 875 935 caussam
890 871 957 931 belli
973 890 1038 932 cnm
1055 871 1175 931 Roccbo

198 957 317 1025 habere,
331 974 417 1053 quam
428 974 527 1017 secum
539 963 569 1017 et
583 975 650 1018 cum
661 956 723 1017 aliis
737 955 880 1033 gentibus,
895 954 1072 1015 lubidinem
1065 958 1175 1032 inperi-

197 1041 286 1109 tandi,
309 1042 373 1118 quis
389 1042 485 1101 omnia
500 1057 591 1117 regna
604 1041 726 1101 advorsa
741 1043 813 1100 sint:
835 1047 896 1099 tum
912 1057 985 1106 sese,
1002 1037 1089 1115 paulo
1104 1045 1174 1098 ante

199 1124 455 1201 Carthaginiensis,
478 1127 547 1184 item
560 1141 661 1200 regem
677 1124 800 1192 Persen,
817 1129 883 1201 post
897 1123 939 1182 nti
955 1124 1076 1200 quisque
1097 1140 1173 1200 opu·
1183 1146 1209 1186 ro

173 1208 384 1270 alentissumus
403 1209 548 1275 videatur,
570 1211 609 1267 ila
623 1208 761 1267 Romanis
781 1207 895 1266 hostem
913 1207 984 1266 iore.
1021 1207 1070 1266 Eis
1083 1213 1172 1283 atque

116 1325 118 1332 ·
151 1333 159 1344 -
199 1291 260 1352 aliis
276 1292 381 1352 talibus
397 1292 479 1350 (lictis
493 1291 529 1350 ad
546 1292 659 1350 Cirtam¹
666 1290 804 1367 oppidum
819 1291 873 1349 iter
888 1292 1074 1358 constituunt,
1091 1290 1172 1367 quod

196 1375 295 1454 ibique
312 1376 415 1412 ******
432 1372 562 1434 Metellus
577 1373 714 1450 praedam
730 1374 915 1452 captivosque
932 1380 961 1433 et
975 1373 1172 1450 inpedimenta

171 1458 350 1518 olocaserat.
372 1457 414 1517 Ita
425 1457 565 1532 Iugurtha
578 1463 659 1517 ratus
674 1463 723 1516 aut
734 1463 816 1533 capta
831 1456 906 1516 urbe
921 1474 1027 1534 operae
1037 1457 1170 1533 precium

197 1541 269 1610 lore,
286 1549 335 1601 aut
345 1559 369 1599 sr
362 1541 530 1601 Romanus
543 1539 647 1602 auxilio
661 1543 720 1602 suis
731 1542 862 1608 venisset,
875 1541 984 1619 proelio
1000 1557 1064 1600 sese
1075 1547 1169 1599 certa·
1158 1561 1202 1600 -cs

108 1682 109 1690 ,
172 1633 288 1686 ituros
333 1625 405 1686 Nam
431 1623 551 1686 callidus
572 1625 602 1686 id
622 1626 709 1686 modo
736 1623 902 1692 festinabat,
931 1622 1039 1683 Iiocchi
1065 1641 1169 1701 pacem

159 1711 372 1778 inminuere,
394 1729 431 1770 ne
453 1726 551 1770 moras
572 1709 706 1785 agitando
721 1709 798 1769 aliud
819 1725 906 1786 quam
931 1706 1039 1767 bellum
1059 1705 1167 1766 mallet.

148 1791 187 1853 82
281 1793 432 1870 Inperator
453 1799 607 1870 postquam
622 1793 658 1852 de
671 1809 775 1868 regum
793 1793 930 1852 societate
947 1792 1088 1866 cognorit,
1107 1808 1169 1850 non

198 1884 317 1942 temere,
340 1894 450 1952 nequo,
474 1877 515 1935 uti
531 1893 622 1954 saepe
639 1878 696 1935 iam
717 1877 790 1935 victo
809 1875 947 1950 Ingurtba
969 1881 1169 1943 consueverat,

198 1955 333 2017 omnibus
348 1956 419 2016 locis
436 1958 585 2036 pugnandi
604 1961 714 2035 copiam
734 1960 815 2018 lacit:
836 1965 965 2018 ceterum
980 1958 1050 2018 haut
1064 1957 1202 2037 proculae

197 2040 233 2104 ab
257 2039 333 2101 Cirta
354 2042 456 2100 castris
477 2043 593 2102 munitis
612 2058 699 2117 reges
720 2042 863 2118 operitur,
885 2039 987 2100 melius
1003 2059 1065 2102 esse
1085 2050 1170 2101 ratus

164 2127 166 2132 ’
197 2123 462 2201 cognitis'lllanris,
495 2127 631 2203 qnoniam
652 2127 677 2185 is
697 2143 787 2185 novos
808 2125 898 2184 hostis
920 2125 1100 2194 abcesserat,
1132 2143 1170 2187 ex
1249 2189 1250 2192 ,

197 2209 348 2270 commodo
366 2210 614 2286 pngnamlacere.
687 2251 693 2264 =
796 2244 797 2253 κ
826 2257 834 2268 1

171 2308 186 2355 2
229 2292 234 2307 '
278 2292 397 2354 Interim
419 2293 510 2354 Roma
529 2312 582 2371 per
602 2293 712 2353 litteras
734 2293 841 2354 certior
862 2293 894 2352 lit
912 2293 1089 2369 provinciam
1106 2291 1168 2352 Nu-

196 2377 312 2437 midiam
323 2377 414 2437 Mario
428 2378 538 2438 datam:
554 2396 621 2438 nam
636 2375 784 2440 consulem
800 2377 905 2436 lactum
920 2382 985 2435 ante
1003 2383 1203 2452 acceperatis

197 2459 308 2528 Quibus
321 2459 411 2520 rebus
425 2478 513 2538 snpra
534 2460 643 2528 bouum
659 2467 708 2521 ant
725 2461 879 2520 honesturn
894 2458 1054 2536 perculsus
1071 2477 1168 2538 neque

195 2540 339 2603 lacrumas
352 2547 453 2602 tenere
469 2563 565 2621 neque
584 2545 730 2605 moderari
749 2543 893 2620 linguam:
917 2544 959 2602 vir
981 2544 1116 2620 egregius
1137 2545 1167 2602 in

169 2622 255 2690 saliis
277 2622 387 2683 artibus
407 2626 492 2685 nimis
504 2627 629 2700 molliter
644 2627 854 2701 aegritudinem
876 2626 943 2702 pati.
987 2625 1081 2695 Quam
1102 2645 1168 2688 rem

194 2707 241 2768 alii
251 2708 280 2768 in
290 2707 456 2785 superbiam
469 2709 629 2779 vomebant,
645 2709 690 2769 alii
704 2709 813 2768 bonum
828 2711 976 2785 ingenium
991 2710 1166 2771 contumelia

194 2793 351 2854 adcensum
369 2809 441 2861 esse,
459 2791 541 2854 multi
563 2793 640 2870 quod
660 2794 717 2852 iam
738 2799 821 2869 parta
837 2793 955 2853 victoria
974 2810 1009 2854 ex
1030 2793 1166 2856 manibus
1176 2813 1203 2854 so

194 2879 367 2954 eriperetur·
407 2872 496 2938 Nobis
518 2878 586 2937 satis
606 2879 752 2952 cognitum
774 2883 817 2936 est
838 2875 917 2937 illum
939 2879 1029 2955 magis
1051 2877 1167 2941 honore

193 2958 265 3020 llari
287 2978 373 3038 quam
394 2963 497 3022 iniuria
517 2978 567 3021 sua
582 2963 778 3020 excruciatum
794 2977 888 3038 neque
910 2968 968 3022 tam
985 2963 1069 3022 anxie
1090 2961 1167 3024 latu·

193 3059 260 3186 Eum
285 3043 387 3113 inisse,
420 3047 444 3105 si
468 3045 601 3122 adempta
626 3046 773 3120 provincia
802 3043 848 3104 alii
875 3063 961 3122 qnam
987 3044 1077 3105 Mario
1104 3052 1166 3107 tra·

215 3131 321 3186 eretur.

143 3214 182 3279 83
275 3209 366 3286 Igitur
385 3229 420 3270 eo
444 3211 545 3273 dolore
561 3211 703 3291 inpeditus
725 3218 753 3272 ct
773 3213 839 3290 quia
858 3213 993 3273 stultitiae
1010 3211 1198 3274 videbaturaa

186 3295 313 3354 alienum
327 3310 390 3352 rem
404 3295 534 3369 periculo
548 3313 601 3356 suo
615 3313 734 3366 curare,
757 3294 895 3378 legatos
883 3297 920 3356 ad
932 3295 1081 3355 Bocchum
1096 3298 1164 3356 mit-

137 3421 143 3440 ,
191 3378 225 3436 til
241 3376 426 3454 postulatum,
443 3393 481 3437 ne
495 3380 556 3438 sine
572 3397 673 3440 caussa
688 3377 779 3440 bostis
792 3369 900 3457 populo
917 3379 1046 3438 Romano
1062 3381 1162 3442 fieret:

192 3459 302 3520 babere
316 3467 377 3519 tum
393 3475 527 3574 magnam
542 3465 654 3540 copiam
668 3464 811 3524 societatis
826 3463 1023 3538 amicitiaeque
1038 3465 1162 3523 coniun-
