<?xml version="1.0" encoding="UTF-8"?>
<!DOCTYPE html PUBLIC "-//W3C//DTD XHTML 1.0 Transitional//EN"
    "http://www.w3.org/TR/xhtml1/DTD/xhtml1-transitional.dtd">
<html xmlns="http://www.w3.org/1999/xhtml" xml:lang="en" lang="en">
 <head>
  <title>
</title>
<meta http-equiv="Content-Type" content="text/html;charset=utf-8" />
  <meta name='ocr-system' content='tesseract 3.04.00' />
  <meta name='ocr-capabilities' content='ocr_page ocr_carea ocr_par ocr_line ocrx_word'/>
</head>
<body>
  <div class='ocr_page' id='page_1' title='image "./decatalinaeconi00dietgoog_0074.png"; bbox 0 0 2548 3930; ppageno 0'>
   <div class='ocr_carea' id='block_1_1' title="bbox 62 187 1251 3558">
    <p class='ocr_par' dir='ltr' id='par_1_1' title="bbox 62 187 1251 3558">
     <span class='ocr_line' id='line_1_1' title="bbox 172 187 1049 298; baseline 0 -24"><span class='ocrx_word' id='word_1_1' title='bbox 172 211 232 298; x_wconf 73' lang='lat'>,66</span> <span class='ocrx_word' id='word_1_2' title='bbox 403 229 447 270; x_wconf 83' lang='lat' dir='ltr'>nn</span> <span class='ocrx_word' id='word_1_3' title='bbox 469 229 571 272; x_wconf 78' lang='lat' dir='ltr'>senno</span> <span class='ocrx_word' id='word_1_4' title='bbox 592 187 956 275; x_wconf 56' lang='lat' dir='ltr'>malaudimontem·</span> <span class='ocrx_word' id='word_1_5' title='bbox 1046 221 1049 224; x_wconf 83' lang='lat'>&#39;</span> 
     </span>
     <span class='ocr_line' id='line_1_2' title="bbox 165 377 1167 456; baseline -0.001 -16"><span class='ocrx_word' id='word_1_6' title='bbox 165 378 338 448; x_wconf 70' lang='lat' dir='ltr'>odenatum:</span> <span class='ocrx_word' id='word_1_7' title='bbox 351 392 478 456; x_wconf 90' lang='lat' dir='ltr'>namque</span> <span class='ocrx_word' id='word_1_8' title='bbox 489 377 585 438; x_wconf 88' lang='lat' dir='ltr'>edioto</span> <span class='ocrx_word' id='word_1_9' title='bbox 596 377 723 454; x_wconf 82' lang='lat' dir='ltr'>primum</span> <span class='ocrx_word' id='word_1_10' title='bbox 738 377 903 437; x_wconf 89' lang='lat' dir='ltr'>adiumenta</span> <span class='ocrx_word' id='word_1_11' title='bbox 918 377 1048 454; x_wconf 84' lang='lat' dir='ltr'>ignaviae</span> <span class='ocrx_word' id='word_1_12' title='bbox 1072 385 1167 440; x_wconf 91' lang='lat' dir='ltr'>sustu·</span> 
     </span>
     <span class='ocr_line' id='line_1_3' title="bbox 189 459 1251 540; baseline 0 -18"><span class='ocrx_word' id='word_1_13' title='bbox 189 463 274 529; x_wconf 88' lang='lat' dir='ltr'>iisse,</span> <span class='ocrx_word' id='word_1_14' title='bbox 298 479 336 522; x_wconf 89' lang='lat' dir='ltr'>ne</span> <span class='ocrx_word' id='word_1_15' title='bbox 351 464 512 540; x_wconf 73' lang='lat' dir='ltr'>quisquam</span> <span class='ocrx_word' id='word_1_16' title='bbox 532 459 562 519; x_wconf 92' lang='lat' dir='ltr'>in</span> <span class='ocrx_word' id='word_1_17' title='bbox 579 462 682 521; x_wconf 83' lang='lat' dir='ltr'>eastris</span> <span class='ocrx_word' id='word_1_18' title='bbox 698 475 811 538; x_wconf 69' lang='lat' dir='ltr'>panem,</span> <span class='ocrx_word' id='word_1_19' title='bbox 826 467 875 520; x_wconf 88' lang='lat' dir='ltr'>aut</span> <span class='ocrx_word' id='word_1_20' title='bbox 893 477 979 539; x_wconf 76' lang='lat' dir='ltr'>quem</span> <span class='ocrx_word' id='word_1_21' title='bbox 998 460 1086 521; x_wconf 77' lang='lat' dir='ltr'>allum</span> <span class='ocrx_word' id='word_1_22' title='bbox 1101 479 1167 523; x_wconf 86' lang='lat' dir='ltr'>coe·</span> <span class='ocrx_word' id='word_1_23' title='bbox 1250 481 1251 508; x_wconf 74' lang='lat'>1</span> 
     </span>
     <span class='ocr_line' id='line_1_4' title="bbox 189 542 1167 624; baseline 0.001 -19"><span class='ocrx_word' id='word_1_24' title='bbox 189 551 253 605; x_wconf 87' lang='lat' dir='ltr'>tum</span> <span class='ocrx_word' id='word_1_25' title='bbox 276 545 374 606; x_wconf 85' lang='lat' dir='ltr'>eibum</span> <span class='ocrx_word' id='word_1_26' title='bbox 396 545 550 613; x_wconf 75' lang='lat' dir='ltr'>venderet,</span> <span class='ocrx_word' id='word_1_27' title='bbox 564 561 611 624; x_wconf 18' lang='lat' dir='ltr'>[ue</span> <span class='ocrx_word' id='word_1_28' title='bbox 629 542 706 604; x_wconf 84' lang='lat' dir='ltr'>lixae</span> <span class='ocrx_word' id='word_1_29' title='bbox 728 545 889 605; x_wconf 80' lang='lat' dir='ltr'>exereitum</span> <span class='ocrx_word' id='word_1_30' title='bbox 903 551 1109 622; x_wconf 72' lang='lat' dir='ltr'>sequerentur,</span> <span class='ocrx_word' id='word_1_31' title='bbox 1128 563 1167 606; x_wconf 93' lang='lat' dir='ltr'>ne</span> 
     </span>
     <span class='ocr_line' id='line_1_5' title="bbox 189 628 1166 706; baseline 0.001 -18"><span class='ocrx_word' id='word_1_32' title='bbox 189 628 278 689; x_wconf 87' lang='lat' dir='ltr'>miles·</span> <span class='ocrx_word' id='word_1_33' title='bbox 294 629 448 706; x_wconf 84' lang='lat' dir='ltr'>gregarius</span> <span class='ocrx_word' id='word_1_34' title='bbox 470 629 622 687; x_wconf 80' lang='lat' dir='ltr'>incastris</span> <span class='ocrx_word' id='word_1_35' title='bbox 643 639 716 688; x_wconf 79' lang='lat' dir='ltr'>neue</span> <span class='ocrx_word' id='word_1_36' title='bbox 736 629 766 687; x_wconf 91' lang='lat' dir='ltr'>in</span> <span class='ocrx_word' id='word_1_37' title='bbox 789 630 906 704; x_wconf 82' lang='lat' dir='ltr'>agmine</span> <span class='ocrx_word' id='word_1_38' title='bbox 921 634 1103 688; x_wconf 84' lang='lat' dir='ltr'>servumaut</span> <span class='ocrx_word' id='word_1_39' title='bbox 1122 631 1166 689; x_wconf 90' lang='lat' dir='ltr'>iu-</span> 
     </span>
     <span class='ocr_line' id='line_1_6' title="bbox 190 710 1186 776; baseline 0.002 -5"><span class='ocrx_word' id='word_1_40' title='bbox 190 719 322 772; x_wconf 78' lang='lat' dir='ltr'>mentum</span> <span class='ocrx_word' id='word_1_41' title='bbox 336 712 473 776; x_wconf 83' lang='lat' dir='ltr'>haberet:</span> <span class='ocrx_word' id='word_1_42' title='bbox 494 713 599 772; x_wconf 87' lang='lat' dir='ltr'>ueteris</span> <span class='ocrx_word' id='word_1_43' title='bbox 619 717 681 776; x_wconf 82' lang='lat' dir='ltr'>arte</span> <span class='ocrx_word' id='word_1_44' title='bbox 697 711 818 771; x_wconf 88' lang='lat' dir='ltr'>mudum</span> <span class='ocrx_word' id='word_1_45' title='bbox 835 712 977 771; x_wconf 80' lang='lat' dir='ltr'>statuisse.</span> <span class='ocrx_word' id='word_1_46' title='bbox 1010 710 1186 773; x_wconf 83' lang='lat' dir='ltr'>Praetereas</span> 
     </span>
     <span class='ocr_line' id='line_1_7' title="bbox 188 794 1167 863; baseline 0.002 -9"><span class='ocrx_word' id='word_1_47' title='bbox 188 797 364 856; x_wconf 81' lang='lat' dir='ltr'>transvorsis</span> <span class='ocrx_word' id='word_1_48' title='bbox 376 794 650 854; x_wconf 83' lang='lat' dir='ltr'>itineribus&#39;ootidie</span> <span class='ocrx_word' id='word_1_49' title='bbox 662 801 757 855; x_wconf 83' lang='lat' dir='ltr'>eastra</span> <span class='ocrx_word' id='word_1_50' title='bbox 776 808 903 863; x_wconf 86' lang='lat' dir='ltr'>movere,</span> <span class='ocrx_word' id='word_1_51' title='bbox 921 795 1000 854; x_wconf 77' lang='lat' dir='ltr'>iuxta</span> <span class='ocrx_word' id='word_1_52' title='bbox 1018 813 1052 854; x_wconf 87' lang='lat' dir='ltr'>ao</span> <span class='ocrx_word' id='word_1_53' title='bbox 1070 797 1095 854; x_wconf 89' lang='lat' dir='ltr'>si</span> <span class='ocrx_word' id='word_1_54' title='bbox 1115 796 1167 856; x_wconf 81' lang='lat' dir='ltr'>lio-</span> 
     </span>
     <span class='ocr_line' id='line_1_8' title="bbox 190 877 1251 962; baseline 0.001 -24"><span class='ocrx_word' id='word_1_55' title='bbox 190 885 248 962; x_wconf 86' lang='lat' dir='ltr'>stes</span> <span class='ocrx_word' id='word_1_56' title='bbox 264 880 399 939; x_wconf 84' lang='lat' dir='ltr'>adessent</span> <span class='ocrx_word' id='word_1_57' title='bbox 413 877 488 938; x_wconf 84' lang='lat' dir='ltr'>vallo</span> <span class='ocrx_word' id='word_1_58' title='bbox 505 885 592 956; x_wconf 89' lang='lat' dir='ltr'>atque</span> <span class='ocrx_word' id='word_1_59' title='bbox 611 877 687 938; x_wconf 81' lang='lat' dir='ltr'>fossa</span> <span class='ocrx_word' id='word_1_60' title='bbox 703 877 954 957; x_wconf 28' lang='lat' dir='ltr'>munire-vigilias</span> <span class='ocrx_word' id='word_1_61' title='bbox 970 877 1094 938; x_wconf 83' lang='lat' dir='ltr'>erebras</span> <span class='ocrx_word' id='word_1_62' title='bbox 1115 897 1167 959; x_wconf 93' lang='lat' dir='ltr'>po·</span> <span class='ocrx_word' id='word_1_63' title='bbox 1250 879 1251 912; x_wconf 61' lang='lat' dir='ltr'>l</span> 
     </span>
     <span class='ocr_line' id='line_1_9' title="bbox 188 959 1251 1040; baseline 0.001 -19"><span class='ocrx_word' id='word_1_64' title='bbox 188 977 261 1022; x_wconf 90' lang='lat' dir='ltr'>nere</span> <span class='ocrx_word' id='word_1_65' title='bbox 283 969 312 1022; x_wconf 87' lang='lat' dir='ltr'>et</span> <span class='ocrx_word' id='word_1_66' title='bbox 333 979 381 1022; x_wconf 90' lang='lat' dir='ltr'>eas</span> <span class='ocrx_word' id='word_1_67' title='bbox 398 963 461 1039; x_wconf 88' lang='lat' dir='ltr'>ipse</span> <span class='ocrx_word' id='word_1_68' title='bbox 483 969 550 1022; x_wconf 89' lang='lat' dir='ltr'>oum</span> <span class='ocrx_word' id='word_1_69' title='bbox 570 961 671 1038; x_wconf 85' lang='lat' dir='ltr'>legatis</span> <span class='ocrx_word' id='word_1_70' title='bbox 692 963 856 1031; x_wconf 77' lang='lat' dir='ltr'>circumire,</span> <span class='ocrx_word' id='word_1_71' title='bbox 871 963 941 1022; x_wconf 85' lang='lat' dir='ltr'>item</span> <span class='ocrx_word' id='word_1_72' title='bbox 961 962 991 1020; x_wconf 92' lang='lat' dir='ltr'>in</span> <span class='ocrx_word' id='word_1_73' title='bbox 1010 963 1123 1040; x_wconf 80' lang='lat' dir='ltr'>agmine</span> <span class='ocrx_word' id='word_1_74' title='bbox 1138 965 1168 1022; x_wconf 94' lang='lat' dir='ltr'>in</span> <span class='ocrx_word' id='word_1_75' title='bbox 1250 959 1251 1008; x_wconf 83' lang='lat' dir='ltr'>t</span> 
     </span>
     <span class='ocr_line' id='line_1_10' title="bbox 189 1044 1168 1128; baseline 0.002 -23"><span class='ocrx_word' id='word_1_76' title='bbox 189 1047 291 1128; x_wconf 84' lang='lat' dir='ltr'>primis</span> <span class='ocrx_word' id='word_1_77' title='bbox 309 1046 397 1106; x_wconf 92' lang='lat' dir='ltr'>modo</span> <span class='ocrx_word' id='word_1_78' title='bbox 412 1046 499 1106; x_wconf 91' lang='lat' dir='ltr'>modo</span> <span class='ocrx_word' id='word_1_79' title='bbox 514 1047 544 1105; x_wconf 90' lang='lat' dir='ltr'>in</span> <span class='ocrx_word' id='word_1_80' title='bbox 559 1046 724 1123; x_wconf 84' lang='lat' dir='ltr'>postremis,</span> <span class='ocrx_word' id='word_1_81' title='bbox 742 1061 829 1124; x_wconf 90' lang='lat' dir='ltr'>saepe</span> <span class='ocrx_word' id='word_1_82' title='bbox 847 1047 877 1124; x_wconf 84' lang='lat' dir='ltr'>in</span> <span class='ocrx_word' id='word_1_83' title='bbox 893 1044 989 1104; x_wconf 89' lang='lat' dir='ltr'>medio</span> <span class='ocrx_word' id='word_1_84' title='bbox 1003 1045 1114 1115; x_wconf 87' lang='lat' dir='ltr'>adesse,</span> <span class='ocrx_word' id='word_1_85' title='bbox 1128 1063 1168 1107; x_wconf 92' lang='lat' dir='ltr'>ne</span> 
     </span>
     <span class='ocr_line' id='line_1_11' title="bbox 190 1128 1203 1212; baseline 0.004 -24"><span class='ocrx_word' id='word_1_86' title='bbox 190 1130 333 1207; x_wconf 81' lang='lat' dir='ltr'>quispiam</span> <span class='ocrx_word' id='word_1_87' title='bbox 354 1130 456 1212; x_wconf 87' lang='lat' dir='ltr'>ordine</span> <span class='ocrx_word' id='word_1_88' title='bbox 474 1129 674 1206; x_wconf 79' lang='lat' dir='ltr'>egrederetur,</span> <span class='ocrx_word' id='word_1_89' title='bbox 697 1135 730 1189; x_wconf 91' lang='lat' dir='ltr'>ut</span> <span class='ocrx_word' id='word_1_90' title='bbox 745 1145 813 1189; x_wconf 88' lang='lat' dir='ltr'>eum</span> <span class='ocrx_word' id='word_1_91' title='bbox 830 1129 919 1206; x_wconf 86' lang='lat' dir='ltr'>signis</span> <span class='ocrx_word' id='word_1_92' title='bbox 941 1128 1110 1206; x_wconf 88' lang='lat' dir='ltr'>frequentes</span> <span class='ocrx_word' id='word_1_93' title='bbox 1122 1132 1203 1192; x_wconf 74' lang='lat' dir='ltr'>imao</span> 
     </span>
     <span class='ocr_line' id='line_1_12' title="bbox 163 1211 1168 1290; baseline 0 -17"><span class='ocrx_word' id='word_1_94' title='bbox 163 1213 342 1281; x_wconf 77' lang='lat' dir='ltr'>suaderent,</span> <span class='ocrx_word' id='word_1_95' title='bbox 366 1214 450 1274; x_wconf 91' lang='lat' dir='ltr'>miles</span> <span class='ocrx_word' id='word_1_96' title='bbox 472 1211 571 1272; x_wconf 84' lang='lat' dir='ltr'>eibum</span> <span class='ocrx_word' id='word_1_97' title='bbox 593 1218 622 1272; x_wconf 90' lang='lat' dir='ltr'>et</span> <span class='ocrx_word' id='word_1_98' title='bbox 642 1223 723 1272; x_wconf 90' lang='lat' dir='ltr'>arma</span> <span class='ocrx_word' id='word_1_99' title='bbox 744 1219 884 1290; x_wconf 88' lang='lat' dir='ltr'>portaret.</span> <span class='ocrx_word' id='word_1_100' title='bbox 919 1213 961 1272; x_wconf 91' lang='lat' dir='ltr'>lta</span> <span class='ocrx_word' id='word_1_101' title='bbox 982 1212 1168 1289; x_wconf 89' lang='lat' dir='ltr'>prohibendo</span> 
     </span>
     <span class='ocr_line' id='line_1_13' title="bbox 81 1295 1168 1374; baseline 0 -18"><span class='ocrx_word' id='word_1_102' title='bbox 81 1315 88 1346; x_wconf 75' lang='lat' dir='ltr'>t</span> <span class='ocrx_word' id='word_1_103' title='bbox 188 1314 205 1356; x_wconf 92' lang='lat' dir='ltr'>a</span> <span class='ocrx_word' id='word_1_104' title='bbox 225 1296 343 1357; x_wconf 81' lang='lat' dir='ltr'>delictis·</span> <span class='ocrx_word' id='word_1_105' title='bbox 359 1298 451 1372; x_wconf 82' lang='lat' dir='ltr'>magis</span> <span class='ocrx_word' id='word_1_106' title='bbox 468 1313 555 1374; x_wconf 89' lang='lat' dir='ltr'>quam</span> <span class='ocrx_word' id='word_1_107' title='bbox 578 1295 749 1355; x_wconf 81' lang='lat' dir='ltr'>vindicando</span> <span class='ocrx_word' id='word_1_108' title='bbox 773 1297 934 1356; x_wconf 84' lang='lat' dir='ltr'>exercitum</span> <span class='ocrx_word' id='word_1_109' title='bbox 955 1295 1039 1356; x_wconf 88' lang='lat' dir='ltr'>brevi</span> <span class='ocrx_word' id='word_1_110' title='bbox 1061 1299 1168 1356; x_wconf 84' lang='lat' dir='ltr'>contir-</span> 
     </span>
     <span class='ocr_line' id='line_1_14' title="bbox 88 1381 722 1440; baseline -0.002 -1"><span class='ocrx_word' id='word_1_111' title='bbox 88 1401 93 1420; x_wconf 80' lang='lat'><strong>·</strong></span> <span class='ocrx_word' id='word_1_112' title='bbox 187 1381 283 1440; x_wconf 85' lang='lat' dir='ltr'>mavit.</span> <span class='ocrx_word' id='word_1_113' title='bbox 720 1393 722 1396; x_wconf 84' lang='grc'><strong><em>·</em></strong></span> 
     </span>
     <span class='ocr_line' id='line_1_15' title="bbox 136 1457 1168 1539; baseline 0.001 -17"><span class='ocrx_word' id='word_1_114' title='bbox 136 1471 177 1532; x_wconf 86' lang='grc'>46</span> <span class='ocrx_word' id='word_1_115' title='bbox 270 1462 384 1522; x_wconf 81' lang='lat' dir='ltr'>Interea</span> <span class='ocrx_word' id='word_1_116' title='bbox 407 1460 556 1536; x_wconf 81' lang='lat' dir='ltr'>Iugurtha,</span> <span class='ocrx_word' id='word_1_117' title='bbox 574 1459 626 1520; x_wconf 90' lang='lat' dir='ltr'>ubi</span> <span class='ocrx_word' id='word_1_118' title='bbox 641 1475 715 1539; x_wconf 89' lang='lat' dir='ltr'>quae</span> <span class='ocrx_word' id='word_1_119' title='bbox 729 1457 861 1522; x_wconf 88' lang='lat' dir='ltr'>Metellus</span> <span class='ocrx_word' id='word_1_120' title='bbox 882 1461 1038 1538; x_wconf 77' lang='lat' dir='ltr'>agebatur</span> <span class='ocrx_word' id='word_1_121' title='bbox 1058 1464 1168 1523; x_wconf 91' lang='lat' dir='ltr'>nuntiis</span> 
     </span>
     <span class='ocr_line' id='line_1_16' title="bbox 62 1544 1203 1627; baseline 0.002 -22"><span class='ocrx_word' id='word_1_122' title='bbox 62 1610 68 1627; x_wconf 37' lang='lat' dir='ltr'><em>s</em></span> <span class='ocrx_word' id='word_1_123' title='bbox 184 1547 308 1624; x_wconf 83' lang='lat' dir='ltr'>aceepit,</span> <span class='ocrx_word' id='word_1_124' title='bbox 324 1545 409 1605; x_wconf 91' lang='lat' dir='ltr'>simul</span> <span class='ocrx_word' id='word_1_125' title='bbox 425 1544 462 1605; x_wconf 93' lang='lat' dir='ltr'>de</span> <span class='ocrx_word' id='word_1_126' title='bbox 476 1546 640 1605; x_wconf 81' lang='lat' dir='ltr'>innocentia</span> <span class='ocrx_word' id='word_1_127' title='bbox 657 1546 719 1605; x_wconf 89' lang='lat' dir='ltr'>eius</span> <span class='ocrx_word' id='word_1_128' title='bbox 733 1547 841 1606; x_wconf 88' lang='lat' dir='ltr'>certior</span> <span class='ocrx_word' id='word_1_129' title='bbox 857 1545 950 1606; x_wconf 85' lang='lat' dir='ltr'>Roma</span> <span class='ocrx_word' id='word_1_130' title='bbox 966 1546 1069 1612; x_wconf 86' lang='lat' dir='ltr'>iaetus,</span> <span class='ocrx_word' id='word_1_131' title='bbox 1092 1545 1169 1606; x_wconf 86' lang='lat' dir='ltr'>diiii-</span> <span class='ocrx_word' id='word_1_132' title='bbox 1180 1567 1203 1607; x_wconf 83' lang='lat' dir='ltr'>u</span> 
     </span>
     <span class='ocr_line' id='line_1_17' title="bbox 81 1628 1172 1706; baseline 0.001 -17"><span class='ocrx_word' id='word_1_133' title='bbox 81 1692 87 1706; x_wconf 42' lang='grc' dir='ltr'><em>Ι</em></span> <span class='ocrx_word' id='word_1_134' title='bbox 188 1629 257 1689; x_wconf 89' lang='lat' dir='ltr'>dere</span> <span class='ocrx_word' id='word_1_135' title='bbox 280 1631 340 1689; x_wconf 91' lang='lat' dir='ltr'>suis</span> <span class='ocrx_word' id='word_1_136' title='bbox 363 1629 453 1689; x_wconf 90' lang='lat' dir='ltr'>rebus</span> <span class='ocrx_word' id='word_1_137' title='bbox 476 1647 510 1688; x_wconf 84' lang='lat' dir='ltr'>aa</span> <span class='ocrx_word' id='word_1_138' title='bbox 528 1634 593 1688; x_wconf 86' lang='lat' dir='ltr'>tum</span> <span class='ocrx_word' id='word_1_139' title='bbox 611 1628 730 1688; x_wconf 85' lang='lat' dir='ltr'>demum</span> <span class='ocrx_word' id='word_1_140' title='bbox 752 1645 852 1690; x_wconf 87' lang='lat' dir='ltr'>veram</span> <span class='ocrx_word' id='word_1_141' title='bbox 874 1629 1050 1690; x_wconf 89' lang='lat' dir='ltr'>deditionem</span> <span class='ocrx_word' id='word_1_142' title='bbox 1070 1629 1172 1690; x_wconf 77' lang='lat' dir='ltr'>lauare</span> 
     </span>
     <span class='ocr_line' id='line_1_18' title="bbox 163 1710 1171 1791; baseline -0.002 -17"><span class='ocrx_word' id='word_1_143' title='bbox 163 1719 311 1774; x_wconf 75' lang='lat' dir='ltr'>tenuatus</span> <span class='ocrx_word' id='word_1_144' title='bbox 327 1719 380 1774; x_wconf 89' lang='lat' dir='ltr'>est.</span> <span class='ocrx_word' id='word_1_145' title='bbox 410 1710 502 1789; x_wconf 86' lang='lat' dir='ltr'>Igitur</span> <span class='ocrx_word' id='word_1_146' title='bbox 516 1711 627 1790; x_wconf 90' lang='lat' dir='ltr'>legatos</span> <span class='ocrx_word' id='word_1_147' title='bbox 642 1712 680 1772; x_wconf 93' lang='lat' dir='ltr'>ad</span> <span class='ocrx_word' id='word_1_148' title='bbox 695 1713 845 1774; x_wconf 83' lang='lat' dir='ltr'>consulem</span> <span class='ocrx_word' id='word_1_149' title='bbox 862 1731 929 1774; x_wconf 89' lang='lat' dir='ltr'>cum</span> <span class='ocrx_word' id='word_1_150' title='bbox 944 1712 1092 1791; x_wconf 87' lang='lat' dir='ltr'>subplieiis</span> <span class='ocrx_word' id='word_1_151' title='bbox 1101 1715 1171 1772; x_wconf 89' lang='lat' dir='ltr'>mit-</span> 
     </span>
     <span class='ocr_line' id='line_1_19' title="bbox 186 1795 1172 1884; baseline 0.003 -30"><span class='ocrx_word' id='word_1_152' title='bbox 186 1798 243 1875; x_wconf 88' lang='lat' dir='ltr'>tit,</span> <span class='ocrx_word' id='word_1_153' title='bbox 260 1799 310 1875; x_wconf 88' lang='lat' dir='ltr'>qui</span> <span class='ocrx_word' id='word_1_154' title='bbox 330 1803 445 1856; x_wconf 85' lang='lat' dir='ltr'>tantum</span> <span class='ocrx_word' id='word_1_155' title='bbox 466 1795 554 1855; x_wconf 88' lang='lat' dir='ltr'>modo</span> <span class='ocrx_word' id='word_1_156' title='bbox 575 1795 631 1874; x_wconf 86' lang='lat' dir='ltr'>ipsi</span> <span class='ocrx_word' id='word_1_157' title='bbox 651 1795 810 1884; x_wconf 71' lang='lat' dir='ltr'>liberisque</span> <span class='ocrx_word' id='word_1_158' title='bbox 829 1798 918 1856; x_wconf 75' lang='lat' dir='ltr'>uitam</span> <span class='ocrx_word' id='word_1_159' title='bbox 940 1803 1090 1876; x_wconf 87' lang='lat' dir='ltr'>peterent,</span> <span class='ocrx_word' id='word_1_160' title='bbox 1115 1796 1172 1857; x_wconf 83' lang='lat' dir='ltr'>alia</span> 
     </span>
     <span class='ocr_line' id='line_1_20' title="bbox 187 1876 739 1955; baseline 0.002 -18"><span class='ocrx_word' id='word_1_161' title='bbox 187 1881 283 1939; x_wconf 90' lang='lat' dir='ltr'>omnia</span> <span class='ocrx_word' id='word_1_162' title='bbox 305 1878 447 1938; x_wconf 88' lang='lat' dir='ltr'>dederent</span> <span class='ocrx_word' id='word_1_163' title='bbox 467 1876 576 1955; x_wconf 89' lang='lat' dir='ltr'>populo</span> <span class='ocrx_word' id='word_1_164' title='bbox 597 1877 739 1939; x_wconf 90' lang='lat' dir='ltr'>Romano.</span> 
     </span>
     <span class='ocr_line' id='line_1_21' title="bbox 160 1959 1212 2038; baseline 0.006 -18"><span class='ocrx_word' id='word_1_165' title='bbox 160 1975 176 2025; x_wconf 85' lang='lat'><strong>3</strong></span> <span class='ocrx_word' id='word_1_166' title='bbox 270 1961 320 2021; x_wconf 89' lang='lat' dir='ltr'>Set</span> <span class='ocrx_word' id='word_1_167' title='bbox 330 1959 445 2020; x_wconf 89' lang='lat' dir='ltr'>Metello</span> <span class='ocrx_word' id='word_1_168' title='bbox 457 1959 515 2020; x_wconf 87' lang='lat' dir='ltr'>iam</span> <span class='ocrx_word' id='word_1_169' title='bbox 526 1966 611 2019; x_wconf 86' lang='lat' dir='ltr'>antea</span> <span class='ocrx_word' id='word_1_170' title='bbox 627 1963 837 2038; x_wconf 74' lang='lat' dir='ltr'>experimentis</span> <span class='ocrx_word' id='word_1_171' title='bbox 843 1963 991 2038; x_wconf 83' lang='lat' dir='ltr'>cognitum</span> <span class='ocrx_word' id='word_1_172' title='bbox 1003 1967 1066 2020; x_wconf 87' lang='lat' dir='ltr'>erat</span> <span class='ocrx_word' id='word_1_173' title='bbox 1074 1977 1172 2038; x_wconf 89' lang='lat' dir='ltr'>genus</span> <span class='ocrx_word' id='word_1_174' title='bbox 1181 1985 1212 2026; x_wconf 87' lang='lat' dir='ltr'>ao</span> 
     </span>
     <span class='ocr_line' id='line_1_22' title="bbox 185 2042 1171 2126; baseline 0.002 -22"><span class='ocrx_word' id='word_1_175' title='bbox 185 2043 377 2105; x_wconf 87' lang='lat' dir='ltr'>Numidarum</span> <span class='ocrx_word' id='word_1_176' title='bbox 400 2043 537 2111; x_wconf 77' lang='lat' dir='ltr'>infidum,</span> <span class='ocrx_word' id='word_1_177' title='bbox 561 2042 678 2118; x_wconf 85' lang='lat' dir='ltr'>iugenio</span> <span class='ocrx_word' id='word_1_178' title='bbox 694 2043 809 2113; x_wconf 90' lang='lat' dir='ltr'>mobili,</span> <span class='ocrx_word' id='word_1_179' title='bbox 832 2059 974 2105; x_wconf 83' lang='lat' dir='ltr'>novarum</span> <span class='ocrx_word' id='word_1_180' title='bbox 989 2057 1091 2104; x_wconf 86' lang='lat' dir='ltr'>rerum</span> <span class='ocrx_word' id='word_1_181' title='bbox 1109 2049 1171 2126; x_wconf 80' lang='lat' dir='ltr'>api·</span> 
     </span>
     <span class='ocr_line' id='line_1_23' title="bbox 158 2120 1171 2208; baseline 0.002 -20"><span class='ocrx_word' id='word_1_182' title='bbox 158 2127 256 2194; x_wconf 70' lang='lat' dir='ltr'>edum</span> <span class='ocrx_word' id='word_1_183' title='bbox 277 2145 350 2188; x_wconf 91' lang='lat' dir='ltr'>esse.</span> <span class='ocrx_word' id='word_1_184' title='bbox 366 2128 466 2208; x_wconf 87' lang='lat' dir='ltr'>ltaque</span> <span class='ocrx_word' id='word_1_185' title='bbox 486 2120 603 2204; x_wconf 66' lang='lat' dir='ltr'>legatos</span> <span class='ocrx_word' id='word_1_186' title='bbox 618 2127 707 2187; x_wconf 84' lang='lat' dir='ltr'>aliurn</span> <span class='ocrx_word' id='word_1_187' title='bbox 726 2127 763 2188; x_wconf 91' lang='lat' dir='ltr'>ab</span> <span class='ocrx_word' id='word_1_188' title='bbox 780 2129 836 2188; x_wconf 91' lang='lat' dir='ltr'>alio</span> <span class='ocrx_word' id='word_1_189' title='bbox 853 2129 983 2188; x_wconf 79' lang='lat' dir='ltr'>divorsos</span> <span class='ocrx_word' id='word_1_190' title='bbox 997 2129 1171 2205; x_wconf 82' lang='lat' dir='ltr'>adgredItur</span> 
     </span>
     <span class='ocr_line' id='line_1_24' title="bbox 186 2211 1172 2292; baseline 0.002 -20"><span class='ocrx_word' id='word_1_191' title='bbox 186 2228 228 2290; x_wconf 80' lang='lat' dir='ltr'>ao</span> <span class='ocrx_word' id='word_1_192' title='bbox 240 2211 380 2290; x_wconf 81' lang='lat' dir='ltr'>paulatIm</span> <span class='ocrx_word' id='word_1_193' title='bbox 398 2211 582 2290; x_wconf 85' lang='lat' dir='ltr'>temptando,</span> <span class='ocrx_word' id='word_1_194' title='bbox 606 2218 761 2292; x_wconf 85' lang='lat' dir='ltr'>postquam</span> <span class='ocrx_word' id='word_1_195' title='bbox 778 2219 939 2292; x_wconf 87' lang='lat' dir='ltr'>oportunus</span> <span class='ocrx_word' id='word_1_196' title='bbox 953 2213 1011 2272; x_wconf 91' lang='lat' dir='ltr'>sibi</span> <span class='ocrx_word' id='word_1_197' title='bbox 1029 2215 1172 2291; x_wconf 73' lang='lat' dir='ltr'>eognmb</span> 
     </span>
     <span class='ocr_line' id='line_1_25' title="bbox 185 2295 1200 2376; baseline 0 -19"><span class='ocrx_word' id='word_1_198' title='bbox 185 2296 276 2357; x_wconf 83' lang='lat' dir='ltr'>marta</span> <span class='ocrx_word' id='word_1_199' title='bbox 298 2295 462 2376; x_wconf 82' lang='lat' dir='ltr'>pollicendo</span> <span class='ocrx_word' id='word_1_200' title='bbox 483 2295 640 2374; x_wconf 85' lang='lat' dir='ltr'>persuadet</span> <span class='ocrx_word' id='word_1_201' title='bbox 660 2297 702 2357; x_wconf 91' lang='lat' dir='ltr'>uti</span> <span class='ocrx_word' id='word_1_202' title='bbox 724 2295 896 2372; x_wconf 89' lang='lat' dir='ltr'>Iugurtham</span> <span class='ocrx_word' id='word_1_203' title='bbox 911 2298 1047 2358; x_wconf 79' lang='lat' dir='ltr'>maxume</span> <span class='ocrx_word' id='word_1_204' title='bbox 1062 2299 1169 2367; x_wconf 89' lang='lat' dir='ltr'>vivom,</span> <span class='ocrx_word' id='word_1_205' title='bbox 1197 2304 1200 2312; x_wconf 82' lang='grc'>’</span> 
     </span>
     <span class='ocr_line' id='line_1_26' title="bbox 185 2380 1207 2461; baseline 0.002 -21"><span class='ocrx_word' id='word_1_206' title='bbox 185 2382 229 2440; x_wconf 94' lang='lat' dir='ltr'>sin</span> <span class='ocrx_word' id='word_1_207' title='bbox 251 2381 280 2441; x_wconf 94' lang='lat' dir='ltr'>id</span> <span class='ocrx_word' id='word_1_208' title='bbox 303 2396 407 2460; x_wconf 88' lang='lat' dir='ltr'>parum</span> <span class='ocrx_word' id='word_1_209' title='bbox 431 2381 607 2457; x_wconf 83' lang='lat' dir='ltr'>procederet</span> <span class='ocrx_word' id='word_1_210' title='bbox 620 2387 756 2461; x_wconf 80' lang='lat' dir='ltr'>neqatum</span> <span class='ocrx_word' id='word_1_211' title='bbox 771 2380 826 2442; x_wconf 87' lang='lat' dir='ltr'>sibi</span> <span class='ocrx_word' id='word_1_212' title='bbox 843 2382 1010 2442; x_wconf 88' lang='lat' dir='ltr'>traderent:</span> <span class='ocrx_word' id='word_1_213' title='bbox 1033 2387 1207 2442; x_wconf 78' lang='lat' dir='ltr'>ceterumm</span> 
     </span>
     <span class='ocr_line' id='line_1_27' title="bbox 158 2463 1171 2543; baseline 0 -17"><span class='ocrx_word' id='word_1_214' title='bbox 158 2464 290 2543; x_wconf 77' lang='lat' dir='ltr'>tpalam,</span> <span class='ocrx_word' id='word_1_215' title='bbox 308 2479 382 2540; x_wconf 89' lang='lat' dir='ltr'>quae</span> <span class='ocrx_word' id='word_1_216' title='bbox 396 2481 433 2524; x_wconf 84' lang='lat' dir='ltr'>ex</span> <span class='ocrx_word' id='word_1_217' title='bbox 447 2464 594 2526; x_wconf 88' lang='lat' dir='ltr'>voluntate</span> <span class='ocrx_word' id='word_1_218' title='bbox 606 2463 703 2525; x_wconf 83' lang='lat' dir='ltr'>iurent</span> <span class='ocrx_word' id='word_1_219' title='bbox 717 2467 795 2540; x_wconf 87' lang='lat' dir='ltr'>regi,</span> <span class='ocrx_word' id='word_1_220' title='bbox 810 2466 939 2525; x_wconf 89' lang='lat' dir='ltr'>nuntiari</span> <span class='ocrx_word' id='word_1_221' title='bbox 952 2463 1042 2524; x_wconf 84' lang='lat' dir='ltr'>iubet.</span> <span class='ocrx_word' id='word_1_222' title='bbox 1055 2464 1171 2526; x_wconf 82' lang='lat' dir='ltr'>Deinde</span> 
     </span>
     <span class='ocr_line' id='line_1_28' title="bbox 187 2539 1171 2625; baseline 0.003 -19"><span class='ocrx_word' id='word_1_223' title='bbox 187 2549 250 2623; x_wconf 81' lang='lat' dir='ltr'>ipse</span> <span class='ocrx_word' id='word_1_224' title='bbox 270 2548 372 2624; x_wconf 87' lang='lat' dir='ltr'>paneis</span> <span class='ocrx_word' id='word_1_225' title='bbox 394 2547 496 2607; x_wconf 89' lang='lat' dir='ltr'>diebus</span> <span class='ocrx_word' id='word_1_226' title='bbox 509 2548 624 2607; x_wconf 90' lang='lat' dir='ltr'>intento</span> <span class='ocrx_word' id='word_1_227' title='bbox 645 2539 732 2625; x_wconf 71' lang='lat' dir='ltr'>‘atque</span> <span class='ocrx_word' id='word_1_228' title='bbox 752 2550 858 2610; x_wconf 84' lang='lat' dir='ltr'>infesto</span> <span class='ocrx_word' id='word_1_229' title='bbox 876 2550 1005 2608; x_wconf 81' lang='lat' dir='ltr'>exercitu</span> <span class='ocrx_word' id='word_1_230' title='bbox 1021 2550 1050 2608; x_wconf 90' lang='lat' dir='ltr'>in</span> <span class='ocrx_word' id='word_1_231' title='bbox 1065 2548 1171 2609; x_wconf 88' lang='lat' dir='ltr'>Numi-</span> 
     </span>
     <span class='ocr_line' id='line_1_29' title="bbox 186 2629 1171 2710; baseline 0.003 -21"><span class='ocrx_word' id='word_1_232' title='bbox 186 2630 263 2689; x_wconf 90' lang='lat' dir='ltr'>diam</span> <span class='ocrx_word' id='word_1_233' title='bbox 282 2630 422 2710; x_wconf 79' lang='lat' dir='ltr'>proqedit,</span> <span class='ocrx_word' id='word_1_234' title='bbox 442 2629 494 2689; x_wconf 87' lang='lat' dir='ltr'>ubi</span> <span class='ocrx_word' id='word_1_235' title='bbox 514 2637 615 2690; x_wconf 85' lang='lat' dir='ltr'>eontra</span> <span class='ocrx_word' id='word_1_236' title='bbox 632 2629 702 2689; x_wconf 90' lang='lat' dir='ltr'>belli</span> <span class='ocrx_word' id='word_1_237' title='bbox 716 2631 819 2690; x_wconf 78' lang='lat' dir='ltr'>iboiem</span> <span class='ocrx_word' id='word_1_238' title='bbox 833 2633 951 2708; x_wconf 89' lang='lat' dir='ltr'>tuguria</span> <span class='ocrx_word' id='word_1_239' title='bbox 965 2629 1051 2708; x_wconf 89' lang='lat' dir='ltr'>plena</span> <span class='ocrx_word' id='word_1_240' title='bbox 1072 2630 1171 2692; x_wconf 91' lang='lat' dir='ltr'>homi-</span> 
     </span>
     <span class='ocr_line' id='line_1_30' title="bbox 184 2713 1170 2792; baseline 0 -18"><span class='ocrx_word' id='word_1_241' title='bbox 184 2731 270 2782; x_wconf 91' lang='lat' dir='ltr'>num,</span> <span class='ocrx_word' id='word_1_242' title='bbox 290 2728 398 2789; x_wconf 84' lang='lat' dir='ltr'>peoora</span> <span class='ocrx_word' id='word_1_243' title='bbox 417 2713 602 2792; x_wconf 76' lang='lat' dir='ltr'>cultoresque</span> <span class='ocrx_word' id='word_1_244' title='bbox 616 2715 646 2773; x_wconf 94' lang='lat' dir='ltr'>in</span> <span class='ocrx_word' id='word_1_245' title='bbox 662 2715 740 2788; x_wconf 87' lang='lat' dir='ltr'>agris</span> <span class='ocrx_word' id='word_1_246' title='bbox 756 2721 853 2774; x_wconf 87' lang='lat' dir='ltr'>erant:</span> <span class='ocrx_word' id='word_1_247' title='bbox 878 2733 913 2776; x_wconf 82' lang='lat' dir='ltr'>ex</span> <span class='ocrx_word' id='word_1_248' title='bbox 929 2715 1043 2792; x_wconf 88' lang='lat' dir='ltr'>oppidis</span> <span class='ocrx_word' id='word_1_249' title='bbox 1059 2721 1088 2774; x_wconf 92' lang='lat' dir='ltr'>et</span> <span class='ocrx_word' id='word_1_250' title='bbox 1102 2729 1170 2775; x_wconf 91' lang='lat' dir='ltr'>ma-</span> 
     </span>
     <span class='ocr_line' id='line_1_31' title="bbox 184 2796 1209 2879; baseline 0.002 -21"><span class='ocrx_word' id='word_1_251' title='bbox 184 2797 299 2879; x_wconf 84' lang='lat' dir='ltr'>palibus</span> <span class='ocrx_word' id='word_1_252' title='bbox 314 2796 456 2875; x_wconf 83' lang='lat' dir='ltr'>praeleeti</span> <span class='ocrx_word' id='word_1_253' title='bbox 470 2798 553 2872; x_wconf 87' lang='lat' dir='ltr'>regis·</span> <span class='ocrx_word' id='word_1_254' title='bbox 562 2796 638 2856; x_wconf 91' lang='lat' dir='ltr'>obvii</span> <span class='ocrx_word' id='word_1_255' title='bbox 654 2797 863 2875; x_wconf 85' lang='lat' dir='ltr'>procedebant,</span> <span class='ocrx_word' id='word_1_256' title='bbox 879 2801 973 2876; x_wconf 82' lang='lat' dir='ltr'>parati</span> <span class='ocrx_word' id='word_1_257' title='bbox 985 2797 1170 2860; x_wconf 83' lang='lat' dir='ltr'>numentum</span> <span class='ocrx_word' id='word_1_258' title='bbox 1181 2824 1209 2866; x_wconf 77' lang='lat'>30</span> 
     </span>
     <span class='ocr_line' id='line_1_32' title="bbox 186 2881 1171 2962; baseline 0.001 -20"><span class='ocrx_word' id='word_1_259' title='bbox 186 2881 265 2951; x_wconf 93' lang='lat' dir='ltr'>dare,</span> <span class='ocrx_word' id='word_1_260' title='bbox 283 2887 467 2943; x_wconf 86' lang='lat' dir='ltr'>conmeatum</span> <span class='ocrx_word' id='word_1_261' title='bbox 479 2887 613 2960; x_wconf 89' lang='lat' dir='ltr'>portare,</span> <span class='ocrx_word' id='word_1_262' title='bbox 629 2888 777 2959; x_wconf 86' lang='lat' dir='ltr'>postremo</span> <span class='ocrx_word' id='word_1_263' title='bbox 794 2884 890 2942; x_wconf 88' lang='lat' dir='ltr'>omnia</span> <span class='ocrx_word' id='word_1_264' title='bbox 905 2899 980 2962; x_wconf 79' lang='lat' dir='ltr'>qtae</span> <span class='ocrx_word' id='word_1_265' title='bbox 994 2885 1171 2960; x_wconf 84' lang='lat' dir='ltr'>inperaren·</span> 
     </span>
     <span class='ocr_line' id='line_1_33' title="bbox 69 2963 1251 3046; baseline 0.001 -19"><span class='ocrx_word' id='word_1_266' title='bbox 69 2979 75 2994; x_wconf 84' lang='lat'>‘</span> <span class='ocrx_word' id='word_1_267' title='bbox 158 2971 233 3027; x_wconf 81' lang='lat' dir='ltr'>dtur</span> <span class='ocrx_word' id='word_1_268' title='bbox 247 2966 354 3026; x_wconf 74' lang='lat' dir='ltr'>iacere:</span> <span class='ocrx_word' id='word_1_269' title='bbox 377 2967 487 3046; x_wconf 88' lang='lat' dir='ltr'>Neque</span> <span class='ocrx_word' id='word_1_270' title='bbox 500 2963 632 3026; x_wconf 87' lang='lat' dir='ltr'>Metellus</span> <span class='ocrx_word' id='word_1_271' title='bbox 648 2965 758 3026; x_wconf 83' lang='lat' dir='ltr'>ideireo</span> <span class='ocrx_word' id='word_1_272' title='bbox 775 2967 886 3037; x_wconf 91' lang='lat' dir='ltr'>minus,</span> <span class='ocrx_word' id='word_1_273' title='bbox 909 2974 953 3027; x_wconf 88' lang='lat' dir='ltr'>set</span> <span class='ocrx_word' id='word_1_274' title='bbox 966 2969 1076 3045; x_wconf 86' lang='lat' dir='ltr'>pariter</span> <span class='ocrx_word' id='word_1_275' title='bbox 1091 2983 1129 3027; x_wconf 86' lang='lat' dir='ltr'>ao</span> <span class='ocrx_word' id='word_1_276' title='bbox 1144 2969 1172 3028; x_wconf 86' lang='lat' dir='ltr'>si</span> <span class='ocrx_word' id='word_1_277' title='bbox 1250 3037 1251 3040; x_wconf 8' lang='grc' dir='ltr'><strong>Ἴ</strong></span> 
     </span>
     <span class='ocr_line' id='line_1_34' title="bbox 184 3035 1171 3130; baseline 0.005 -24"><span class='ocrx_word' id='word_1_278' title='bbox 184 3047 284 3107; x_wconf 87' lang='lat' dir='ltr'>hostes</span> <span class='ocrx_word' id='word_1_279' title='bbox 296 3050 438 3119; x_wconf 86' lang='lat' dir='ltr'>adessent,</span> <span class='ocrx_word' id='word_1_280' title='bbox 455 3051 569 3111; x_wconf 91' lang='lat' dir='ltr'>munito</span> <span class='ocrx_word' id='word_1_281' title='bbox 579 3051 694 3126; x_wconf 84' lang='lat' dir='ltr'>agmine</span> <span class='ocrx_word' id='word_1_282' title='bbox 704 3035 921 3121; x_wconf 56' lang='lat' dir='ltr'>incedet-efflata</span> <span class='ocrx_word' id='word_1_283' title='bbox 934 3051 1089 3130; x_wconf 82' lang='lat' dir='ltr'>explorare</span> <span class='ocrx_word' id='word_1_284' title='bbox 1101 3069 1171 3111; x_wconf 82' lang='lat' dir='ltr'>onr-</span> 
     </span>
     <span class='ocr_line' id='line_1_35' title="bbox 184 3131 1251 3212; baseline 0.004 -21"><span class='ocrx_word' id='word_1_285' title='bbox 184 3132 242 3198; x_wconf 92' lang='lat' dir='ltr'>nia,</span> <span class='ocrx_word' id='word_1_286' title='bbox 266 3131 313 3191; x_wconf 92' lang='lat' dir='ltr'>illa</span> <span class='ocrx_word' id='word_1_287' title='bbox 331 3132 484 3196; x_wconf 87' lang='lat' dir='ltr'>deditionis</span> <span class='ocrx_word' id='word_1_288' title='bbox 498 3135 580 3212; x_wconf 87' lang='lat' dir='ltr'>signa</span> <span class='ocrx_word' id='word_1_289' title='bbox 596 3135 720 3195; x_wconf 87' lang='lat' dir='ltr'>ostentui</span> <span class='ocrx_word' id='word_1_290' title='bbox 742 3135 863 3197; x_wconf 87' lang='lat' dir='ltr'>credere</span> <span class='ocrx_word' id='word_1_291' title='bbox 886 3143 914 3196; x_wconf 88' lang='lat' dir='ltr'>et</span> <span class='ocrx_word' id='word_1_292' title='bbox 935 3135 1045 3196; x_wconf 88' lang='lat' dir='ltr'>insidiis</span> <span class='ocrx_word' id='word_1_293' title='bbox 1065 3133 1171 3194; x_wconf 80' lang='lat' dir='ltr'>luerim</span> <span class='ocrx_word' id='word_1_294' title='bbox 1250 3165 1251 3210; x_wconf 62' lang='lat' dir='ltr'>p</span> 
     </span>
     <span class='ocr_line' id='line_1_36' title="bbox 142 3215 1209 3300; baseline 0.006 -27"><span class='ocrx_word' id='word_1_295' title='bbox 142 3215 329 3292; x_wconf 61' lang='lat' dir='ltr'>atemptari</span> <span class='ocrx_word' id='word_1_296' title='bbox 364 3215 465 3297; x_wconf 90' lang='lat' dir='ltr'>Itaque</span> <span class='ocrx_word' id='word_1_297' title='bbox 480 3221 543 3298; x_wconf 90' lang='lat' dir='ltr'>ipse</span> <span class='ocrx_word' id='word_1_298' title='bbox 564 3233 631 3278; x_wconf 90' lang='lat' dir='ltr'>oum</span> <span class='ocrx_word' id='word_1_299' title='bbox 646 3219 789 3296; x_wconf 80' lang='lat' dir='ltr'>expeditis</span> <span class='ocrx_word' id='word_1_300' title='bbox 806 3219 984 3300; x_wconf 80' lang='lat' dir='ltr'>cohortibus,</span> <span class='ocrx_word' id='word_1_301' title='bbox 1007 3221 1075 3279; x_wconf 89' lang='lat' dir='ltr'>item</span> <span class='ocrx_word' id='word_1_302' title='bbox 1096 3218 1170 3279; x_wconf 90' lang='lat' dir='ltr'>lun·</span> <span class='ocrx_word' id='word_1_303' title='bbox 1181 3239 1209 3279; x_wconf 80' lang='lat' dir='ltr'>as</span> 
     </span>
     <span class='ocr_line' id='line_1_37' title="bbox 185 3296 1167 3381; baseline 0 -21"><span class='ocrx_word' id='word_1_304' title='bbox 185 3299 313 3364; x_wconf 88' lang='lat' dir='ltr'>diturum</span> <span class='ocrx_word' id='word_1_305' title='bbox 333 3296 371 3360; x_wconf 62' lang='lat' dir='ltr'>etx</span> <span class='ocrx_word' id='word_1_306' title='bbox 383 3304 598 3378; x_wconf 85' lang='lat' dir='ltr'>sagittariorum</span> <span class='ocrx_word' id='word_1_307' title='bbox 621 3301 732 3363; x_wconf 89' lang='lat' dir='ltr'>delecta</span> <span class='ocrx_word' id='word_1_308' title='bbox 753 3319 842 3364; x_wconf 93' lang='lat' dir='ltr'>manu</span> <span class='ocrx_word' id='word_1_309' title='bbox 862 3304 939 3381; x_wconf 90' lang='lat' dir='ltr'>apud</span> <span class='ocrx_word' id='word_1_310' title='bbox 957 3304 1068 3381; x_wconf 91' lang='lat' dir='ltr'>primos</span> <span class='ocrx_word' id='word_1_311' title='bbox 1089 3309 1167 3370; x_wconf 85' lang='lat' dir='ltr'>erat,</span> 
     </span>
     <span class='ocr_line' id='line_1_38' title="bbox 185 3384 1169 3465; baseline 0 -21"><span class='ocrx_word' id='word_1_312' title='bbox 185 3385 215 3444; x_wconf 89' lang='lat' dir='ltr'>in</span> <span class='ocrx_word' id='word_1_313' title='bbox 236 3390 385 3462; x_wconf 86' lang='lat' dir='ltr'>postremo</span> <span class='ocrx_word' id='word_1_314' title='bbox 408 3384 441 3444; x_wconf 87' lang='lat' dir='ltr'>G.</span> <span class='ocrx_word' id='word_1_315' title='bbox 464 3385 572 3446; x_wconf 89' lang='lat' dir='ltr'>Marius</span> <span class='ocrx_word' id='word_1_316' title='bbox 593 3385 706 3463; x_wconf 88' lang='lat' dir='ltr'>legatus</span> <span class='ocrx_word' id='word_1_317' title='bbox 728 3405 795 3448; x_wconf 89' lang='lat' dir='ltr'>oum</span> <span class='ocrx_word' id='word_1_318' title='bbox 814 3385 958 3465; x_wconf 86' lang='lat' dir='ltr'>equitibus</span> <span class='ocrx_word' id='word_1_319' title='bbox 980 3385 1110 3455; x_wconf 83' lang='lat' dir='ltr'>curabat,</span> <span class='ocrx_word' id='word_1_320' title='bbox 1135 3387 1169 3446; x_wconf 91' lang='lat' dir='ltr'>in</span> 
     </span>
     <span class='ocr_line' id='line_1_39' title="bbox 185 3467 1171 3558; baseline 0.001 -32"><span class='ocrx_word' id='word_1_321' title='bbox 185 3473 343 3558; x_wconf 73' lang='lat' dir='ltr'>utrumque</span> <span class='ocrx_word' id='word_1_322' title='bbox 372 3467 447 3528; x_wconf 88' lang='lat' dir='ltr'>latus</span> <span class='ocrx_word' id='word_1_323' title='bbox 475 3470 640 3532; x_wconf 62' lang='lat' dir='ltr'>auxiliarius</span> <span class='ocrx_word' id='word_1_324' title='bbox 668 3473 779 3551; x_wconf 82' lang='lat' dir='ltr'>equites</span> <span class='ocrx_word' id='word_1_325' title='bbox 805 3469 931 3530; x_wconf 86' lang='lat' dir='ltr'>tribunis</span> <span class='ocrx_word' id='word_1_326' title='bbox 954 3468 1105 3544; x_wconf 87' lang='lat' dir='ltr'>legionum</span> <span class='ocrx_word' id='word_1_327' title='bbox 1138 3475 1171 3528; x_wconf 89' lang='lat' dir='ltr'>et</span> 
     </span>
    </p>
   </div>
   <div class='ocr_carea' id='block_1_2' title="bbox 0 0 1278 3930">
    <p class='ocr_par' dir='ltr' id='par_1_2' title="bbox 0 0 1278 3930">
     <span class='ocr_line' id='line_1_40' title="bbox 0 0 1278 3930; baseline 0 0"><span class='ocrx_word' id='word_1_328' title='bbox 0 0 1278 3930; x_wconf 95' lang='lat' dir='ltr'> </span> 
     </span>
    </p>
   </div>
  </div>
 </body>
</html>
