2548 3930
193 192 235 256 48
361 213 403 252 nn
424 211 527 256 annno
548 209 747 255 avenacaruo
771 207 799 252 c.
823 203 865 254 15.
889 197 931 254 ld.
952 201 1006 256 17.-

193 357 313 422 honoris
334 356 510 428 diuitiarum,
534 366 663 420 ceterum
683 359 748 420 vitia
762 375 815 418 sua
832 357 933 420 callide
955 359 1112 420 occultans.
1135 357 1169 420 ls

193 453 349 524 postquam
365 444 435 506 vidit
448 443 527 518 regis
552 440 733 517 largitionem
752 443 892 502 famosam
908 442 1165 520 inpudentemque,

193 531 316 597 veritus,
338 528 415 607 quod
431 528 462 587 in
482 525 533 584 tali
553 543 587 586 re
607 524 689 595 solet,
712 543 750 585 ne
768 525 877 602 polluta
895 525 1011 586 licentia
1029 525 1168 587 invidiam

144 603 376 680 lssadcenderst,
402 613 569 678 animumn
592 617 733 670 consueta
748 609 876 670 lubidine
899 611 1047 670 continuit.
1091 607 1170 670 Vicit

193 697 333 756 tamenin
355 701 455 756 senatu
477 709 546 769 pars
565 691 626 760 illa,
647 711 721 772 quae
741 711 811 754 vero
832 695 963 770 precium
978 699 1027 754 aut
1040 693 1190 768 gratiams

166 779 381 840 aantelerebat
422 776 579 837 Decretum
594 777 635 845 lit,
651 779 693 836 uti
712 776 812 837 decern
829 777 915 852 legati
933 793 1067 852 regnum,
1087 776 1170 854 quod

192 861 310 941 Micipsa
324 861 502 928 obtinuerat,
524 861 600 922 inter
621 859 791 936 lugrulham
806 866 835 920 et
848 858 1042 920 Adherbalem
1057 858 1168 919 divide·

191 953 267 1005 rent.
301 944 389 1004 Cuius
403 943 554 1020 legationis
570 945 706 1023 princeps
721 943 820 1004 luith.
836 942 980 1023 Opimius,
1003 943 1091 1004 homo
1106 941 1169 1004 cla-

191 1045 243 1088 rus
267 1035 296 1088 et
316 1034 378 1088 ham
399 1029 428 1088 in
448 1033 550 1088 senatu
571 1034 687 1105 potens,
715 1029 782 1106 quia
803 1026 906 1088 consul
925 1029 960 1089 G.
982 1027 1115 1088 Graccho
1137 1033 1170 1086 nt

191 1109 228 1170 ll.
245 1110 346 1172 Fulvio
361 1110 465 1172 Flacco
484 1111 644 1182 interiectis
665 1127 817 1172 acerrume
839 1112 988 1172 victoriam
1008 1108 1168 1172 nobilitatis
1179 1127 1206 1168 ro

165 1193 222 1255 3in
242 1193 359 1294 plebem
381 1201 560 1257 exercuerat.
603 1195 678 1255 Eum
701 1193 843 1270 Iugurtha
870 1196 984 1264 tametsi
1004 1193 1112 1254 Romae
1136 1195 1175 1253 in,

190 1279 314 1340 inimicis
336 1277 492 1346 habuerat,
515 1285 613 1338 tamen
635 1278 852 1338 adcuratissime
865 1279 990 1355 recepit:
1018 1276 1113 1338 dando
1137 1283 1168 1336 et

191 1361 356 1442 pollicendo
372 1360 460 1421 multa
478 1360 609 1438 perfecit,
621 1363 664 1421 uti
678 1361 771 1422 lamae
782 1361 853 1430 lide,
870 1367 1019 1438 postremo
1029 1359 1167 1422 omnibus

192 1447 252 1506 suis
271 1443 361 1507 rebus
384 1444 569 1506 commodum
583 1446 671 1521 regis
695 1444 863 1506 anteferret.
905 1443 1041 1506 Relicuos
1054 1443 1168 1519 legatos

164 1529 294 1590 eoadem
312 1530 356 1588 via
377 1528 550 1604 adgressus,
569 1528 726 1606 plerosque
749 1530 840 1606 capit:
861 1529 961 1607 paucis
978 1529 1073 1590 carior
1094 1527 1203 1588 fidesrs

166 1620 280 1692 squam
296 1614 420 1691 pecunia
435 1612 498 1673 luit.
521 1611 554 1672 ln
571 1613 724 1684 divisione,
747 1631 821 1692 quae
835 1630 904 1691 pars
918 1611 1069 1672 Numidiae
1086 1611 1170 1672 blau·

90 1755 94 1764 ,
192 1698 335 1758 nennium
348 1696 484 1774 adtingit,
507 1713 579 1774 agro
592 1698 719 1776 virisque
735 1696 912 1774 opulentior,
934 1694 1092 1772 iugurthae
1108 1701 1171 1756 tra·

193 1780 280 1849 ditur,
301 1779 380 1841 illam
395 1780 517 1841 alteram
530 1782 629 1860 specie
650 1798 737 1859 quam
758 1798 813 1840 usu
828 1782 987 1857 potiorem,
1010 1796 1084 1857 quae
1098 1795 1170 1855 por·

193 1865 304 1923 tuosior
319 1870 348 1922 et
363 1863 499 1923 aedificiis
514 1865 607 1938 magis
623 1870 762 1924 exornata
779 1870 850 1930 erat,
868 1860 1015 1922 Adherbal
1029 1861 1169 1938 possedit.

145 1940 182 2000 17
276 1944 335 2006 Res
352 1942 500 2020 postulare
520 1946 632 2005 videtur
654 1946 768 2006 Africae
789 1947 876 2004 situm
897 1945 997 2021 paucis
1021 1960 1207 2020 exponerem

193 2035 222 2088 et
242 2043 293 2088 eas
312 2029 420 2103 gentis,
444 2025 618 2104 quibuscum
638 2026 723 2089 nohis
749 2026 859 2088 bellum
886 2034 935 2088 aut
959 2027 1082 2088 amicitia
1104 2028 1171 2097 luit,

165 2111 350 2187 aadnngere.
390 2111 441 2171 Set
455 2128 529 2190 quae
550 2109 615 2171 loca
636 2119 665 2171 et
679 2113 809 2172 nationes
823 2110 861 2171 cb
876 2110 1003 2172 calorem
1023 2117 1072 2172 aut
1083 2128 1170 2188 aspe-

192 2197 317 2264 ritatem,
333 2197 403 2256 item
417 2194 587 2258 solitudines
600 2196 697 2256 minus
711 2194 893 2275 frequentata
904 2200 979 2266 sunt,
993 2194 1029 2256 de
1044 2196 1085 2256 eis
1096 2193 1172 2255 hant

192 2278 276 2341 lacile
294 2286 465 2358 conpertum
485 2281 674 2348 narraverim,
691 2287 787 2340 cetera
806 2298 892 2360 quarn
912 2279 1102 2356 paucissumis
1116 2277 1171 2338 ah·

192 2363 310 2424 solvam.
1051 2369 1061 2388 ‘
1179 2377 1207 2418 aa

166 2457 183 2508 3
277 2446 311 2506 ln
333 2447 472 2508 divisione
493 2447 574 2508 orbis
588 2455 685 2509 terrae
705 2446 837 2524 plerique
852 2449 882 2507 in
896 2453 981 2524 parte
994 2447 1078 2506 tertia
1092 2443 1171 2506 hiri·

193 2545 257 2590 cam
272 2544 415 2604 posuere,
437 2532 524 2606 pauci
538 2530 740 2592 tantummodo
759 2529 856 2590 Asiam
877 2527 905 2590 et
924 2529 1071 2605 Europam
1092 2544 1170 2598 esse,

165 2611 236 2670 teet
252 2609 379 2672 biricam
393 2611 423 2670 in
438 2611 566 2691 Europa.
594 2612 637 2672 Ea
650 2613 715 2672 linis
728 2611 818 2672 habet
837 2611 873 2671 ah
891 2610 1041 2670 occidente
1055 2609 1168 2674 fretum

192 2695 284 2756 nostri
302 2694 391 2753 maris
413 2700 442 2754 et
456 2691 579 2764 Oceani,
600 2694 636 2754 ab
655 2701 722 2754 ortu
736 2692 804 2753 solis
817 2693 958 2754 decheem
975 2691 1170 2764 latitudinem,

165 2780 281 2856 bqrrcm
297 2775 394 2840 locum
412 2775 623 2838 Catabathmon
638 2775 749 2838 incolae
763 2775 916 2854 adpellant.
951 2775 1031 2838 hiare
1050 2794 1171 2840 saevom
1181 2797 1207 2840 u

193 2864 412 2940 inportucsum:
433 2861 507 2937 ager
527 2859 646 2938 frugum
666 2859 783 2928 lendis,
808 2859 902 2920 honus
923 2861 1038 2938 pecori,
1060 2861 1173 2926 arbore

166 2944 380 3006 sinlecundus:
404 2941 484 3006 caelo
499 2949 637 3023 terraque
650 2945 789 3022 paenuria
812 2961 961 3022 aquarum.
999 2944 1097 3006 Genus
1113 2944 1171 3004 ho·
1259 2945 1260 2960 ,

193 3028 305 3090 minum
318 3027 429 3089 salubri
446 3045 580 3106 corpore,
598 3028 690 3098 velox,
712 3029 824 3105 patiens
836 3027 990 3090 labomm:
1012 3028 1172 3108 plerosque

193 3117 328 3170 senectus
344 3111 489 3181 dissolvit,
513 3113 568 3172 nisi
590 3114 639 3190 qui
653 3113 733 3174 ferro
748 3117 798 3172 aut
816 3112 915 3172 bestiis
930 3114 1080 3174 interiere:
1098 3127 1170 3174 nam

194 3192 316 3254 morbus
329 3193 401 3254 haut
414 3211 502 3272 saepe
516 3211 692 3274 quemquam
708 3202 835 3274 superat.
860 3196 904 3257 hd
918 3196 975 3258 hoc
988 3195 1102 3256 malilioi
1117 3211 1169 3272 ge·
1179 3215 1207 3258 aa

169 3279 274 3338 lucris
295 3275 432 3354 pluruma
454 3278 598 3340 animum
642 3279 697 3342 Set.
713 3281 763 3357 qui
783 3278 920 3341 mortales
940 3279 1019 3340 initio
1039 3278 1169 3340 Africam

194 3359 363 3429 habuerint,
387 3362 494 3440 quique
508 3370 608 3440 postea
622 3364 817 3434 adcesserint,
840 3370 890 3424 aut
911 3381 969 3443 quo
983 3361 1070 3424 modo
1091 3364 1168 3428 inter

195 3460 228 3504 se
248 3446 385 3524 permixti
405 3445 476 3514 sint,
506 3462 682 3528 quamquam
703 3447 741 3510 ah
762 3465 796 3510 ca
816 3448 985 3526 lausannae
1010 3445 1167 3526 plerosque
1242 3487 1249 3496 ·
