2548 3930
357 179 400 221 ns
421 179 524 220 annno
545 144 744 222 nvavnrnrno
766 179 792 220 o.
814 169 857 224 85.
1058 161 1098 223 89

128 345 182 406 ego
203 326 353 389 militando
375 325 469 386 didici.
509 325 593 387 Nunc
606 343 657 386 vos
675 328 857 396 existumate,
878 327 952 386 iacta
970 345 1006 388 an
1023 327 1098 389 dicta
1109 336 1141 388 14

126 412 218 491 pluris
229 413 305 471 sint..
321 411 515 470 Contemnunt
528 411 683 471 novitatem
697 427 803 479 meamr
817 428 871 488 ego
885 407 1001 486 iilopu‘m
1010 413 1098 488 ¹igna-

126 496 216 555 viam:
232 495 303 555 mihi
319 494 444 561 fortuna,
460 493 515 552 illis
529 493 638 572 probra
654 493 827 554 obiciuntur.
852 492 1032 573 Quamquam
1044 511 1097 570 ego
1111 507 1143 558 15

125 586 260 646 naturam
275 595 363 638 unam
383 582 412 636 et
428 594 612 637 communem
633 579 760 636 omnium
775 579 929 645 existumo,
946 584 990 638 set
1005 577 1099 637 tortis·

2 657 4 687 ³
104 677 242 722 asomum
262 678 407 739 quemque
430 662 706 736 generosissumum.
744 659 785 719 Ac
804 662 827 719 si
848 662 904 719 iam
920 679 955 720 ex
969 659 1100 737 patribus
1111 677 1145 728 ιο

126 742 221 804 Albini
236 751 285 804 aut
301 743 413 804 Bestiae
429 745 529 820 quaeri
545 743 648 821 possit,
672 761 757 804 mene
773 761 810 803 an
824 742 888 802 ilios
911 762 945 804 ex
967 761 999 804 se
1021 745 1101 821 gigni

126 827 289 896 maluerint,
305 827 373 905 qnid
388 838 582 904 responsuros
597 827 721 896 creditis,
737 829 792 887 nisi
810 845 873 887 sese
889 825 998 888 liberos
1014 843 1104 904 quam·

127 907 261 988 optumos¹
277 911 417 971 voluisse?
445 909 529 980 Quod
539 912 564 970 si
580 911 643 970 iure
657 929 704 972 me
719 909 889 986 despiciunt,
902 911 1009 970 iaciant
1023 911 1141 972 idem17

108 1035 110 1054 .
128 993 286 1054 maioribus
301 995 370 1062 suis,
389 992 502 1072 quibus
518 995 560 1053 uti
573 994 652 1061 mihi,
673 1011 709 1053 ex
725 995 830 1053 virtute
844 992 979 1053 nobilitas
995 995 1098 1071 coepit.

3 1081 4 1106 ³
91 1093 116 1134 ro
127 1075 258 1136 Invident
273 1077 378 1137 honori
391 1093 472 1136 meo:
488 1088 558 1153 ergo
574 1069 718 1137 invideant
732 1074 827 1136 labori
841 1077 1032 1144 innocentiae,
1048 1095 1098 1155 pe·
1111 1092 1142 1143 18
1167 1123 1171 1134 a

126 1159 226 1220 riculis
253 1161 338 1220 etiam
360 1159 454 1228 meis?
471 1161 607 1238 quoniam
622 1177 676 1238 per
689 1158 763 1219 haec
784 1158 953 1238 iilumcepi.
990 1158 1098 1220 Verum
1111 1178 1142 1229 la

124 1243 257 1304 homines
277 1245 411 1320 conrupti
432 1243 567 1320 superbia
582 1246 620 1304 ita
639 1249 761 1304 aetatem
778 1248 868 1320 agunt
889 1243 970 1320 qnasi
984 1249 1099 1303 vostros

124 1326 253 1386 honores
273 1333 468 1396 contemnant,
488 1329 526 1387 ita
546 1327 600 1402 nos
614 1333 717 1404 petunt
734 1327 815 1406 quasi
829 1326 950 1386 honeste
968 1326 1100 1386 vixerint.

125 1408 168 1470 Ne
189 1408 232 1468 iili
246 1408 309 1468 taisi
331 1416 412 1477 sunt,
436 1412 485 1488 qui
504 1410 723 1472 divorsissumas
743 1427 791 1470 res
812 1411 921 1486 pariter
936 1416 1097 1486 expectant,
1108 1416 1142 1468 20

89 1507 116 1548 aa
125 1493 255 1567 ignaviae
273 1491 450 1570 voluptatem
472 1499 501 1553 et
515 1495 645 1570 praemia
661 1494 780 1552 virtutis.
812 1493 906 1570 Atque
920 1494 1016 1561 etiam,
1033 1511 1099 1554 oum
1109 1496 1142 1546 21

127 1576 204 1652 apud
226 1592 277 1636 vos
298 1582 348 1636 aut
370 1577 400 1634 in
420 1583 523 1636 senatu
545 1575 633 1636 verba
655 1576 779 1643 iaciunt,
805 1575 944 1652 pleraque
971 1575 1101 1636 oratione

124 1659 250 1718 maiores
266 1676 335 1718 suos
349 1658 505 1719 extollunt:
528 1675 630 1718 eorum
643 1659 727 1719 iortia
742 1658 816 1720 iacta
831 1657 1021 1718 memorando
1043 1657 1100 1717 cla·

124 1743 218 1802 riores
239 1759 303 1802 sese
323 1749 435 1819 putant.
476 1741 561 1811 Quod
589 1748 690 1802 contra
718 1748 769 1802 est.
813 1739 887 1801 Nam
911 1746 1018 1818 quanto
1044 1742 1143 1800 vitata
1258 1723 1270 1789 d*

126 1822 242 1884 illorum
263 1820 450 1902 praeciarior,
466 1831 548 1885 tanto
569 1824 674 1886 horum
698 1813 828 1885 soaoidia
850 1824 1028 1900 flagitiosior.
1064 1823 1101 1883 Et
1109 1829 1143 1884 23

88 1907 256 1984 toproiocto
278 1910 317 1968 ita
336 1927 368 1969 sc
388 1927 438 1968 res
459 1908 582 1970 habent:
600 1911 745 1969 maiorum
760 1907 851 1986 gioria
873 1909 998 1987 posteris
1019 1908 1102 1986 quasi
1126 1968 1128 1977 Α

125 1991 222 2052 lumen
241 1999 293 2060 est,
316 2009 412 2072 neque
432 1991 509 2052 bona
530 1992 715 2070 nequemaia
730 2010 833 2053 corum
847 1993 877 2052 in
892 1991 1007 2062 ocoulto
1028 1993 1101 2070 pati·
1257 2042 1258 2045 ,

123 2081 181 2134 tur.
207 2074 413 2152 Cuiusreiego
427 2078 554 2154 inopiam
575 2073 832 2152 iateoijuiritcs:
850 2093 961 2152 perum,
977 2075 1006 2135 id
1022 2073 1144 2153 quodni
1254 2146 1256 2154 ὃ

123 2157 214 2216 multo
229 2156 405 2234 praeclarius
419 2165 476 2226 eat,
492 2166 618 2220 meamet
633 2159 706 2220 iacta
718 2158 787 2217 rnihi
804 2158 902 2216 dicere
914 2156 990 2216 iicet.
1017 2156 1101 2216 Nunc
1255 2179 1256 2194 v

124 2239 217 2300 videte
240 2259 327 2319 quarn
348 2241 439 2317 iniqui
453 2242 517 2301 sint.
560 2242 643 2311 Quod
659 2259 694 2300 ex
712 2239 804 2300 aliena
823 2240 928 2302 virtute
941 2238 1000 2318 sibi
1015 2237 1143 2298 adro-25

87 2328 208 2399 angant,
223 2316 254 2394 id
265 2323 336 2382 mihi
351 2341 386 2382 ex
401 2341 466 2384 mea
481 2341 540 2384 non
558 2324 735 2391 concedunt,
752 2321 862 2382 scilicet
877 2323 943 2400 quia
962 2322 1101 2396 imagines

124 2423 184 2465 non
201 2405 305 2474 haheo,
329 2408 438 2484 etquis
452 2407 611 2467 mihinova
626 2405 764 2467 nobilitas·
776 2412 832 2473 est,
850 2423 938 2483 quam
953 2410 1032 2465 certe
1049 2421 1100 2484 pe·

124 2490 235 2566 perisse
251 2485 355 2550 melius
377 2496 421 2549 est
441 2507 527 2568 quam
545 2496 694 2567 acceptam
716 2491 894 2566 conrupisse.
956 2499 958 2504 ’

207 2571 348 2652 Equidem
361 2588 415 2649 ego
427 2590 485 2633 non
497 2575 610 2650 ignoro,
623 2575 647 2632 si
659 2575 715 2634 iam
727 2571 988 2650 mihirespondere
1003 2570 1143 2640 velintne
1187 2636 1192 2644 ,
1250 2653 1251 2662 ἵ

125 2655 240 2717 munde
260 2655 315 2717 iilis
332 2656 497 2718 facundiam
520 2664 549 2718 et
563 2659 743 2734 conpositam
758 2656 919 2715 orationem
942 2654 1015 2714 fore.
1051 2655 1102 2713 Set

88 2740 154 2805 sein
171 2758 308 2800 maxumo
325 2747 423 2801 vostro
440 2739 574 2800 benificia
592 2759 659 2800 cum
674 2739 809 2800 omnibus
826 2738 898 2797 locis
914 2754 1020 2815 meque
1035 2752 1100 2795 vos·
1130 2735 1132 2742 ‘
1244 2733 1249 2749 ⁸

124 2841 181 2901 que
199 2821 274 2882 male
292 2824 375 2884 dictis
388 2823 526 2892 lacerent,
542 2841 601 2883 non
619 2823 726 2902 placuit
743 2823 876 2888 reticere,
899 2837 937 2879 ne
958 2819 1022 2897 quis
1038 2836 1100 2882 mo·
1149 2823 1152 2832 '
1248 2839 1250 2854 ·

125 2906 245 2965 destiam
259 2906 289 2964 in
304 2909 508 2967 conscientiam
524 2907 653 2974 duceret
682 2905 756 2967 Nam
769 2922 817 2964 me
833 2903 950 2980 quidem
966 2921 1001 2962 ex
1012 2895 1100 2962 a'nimi
1109 2915 1143 2966 27

124 2990 266 3049 sententia
289 2987 369 3050 nulla
391 2992 482 3050 oratio
502 2989 618 3052 laedere
632 2997 743 3068 potest:
767 2988 874 3065 qnippe
891 3003 960 3046 vcra
981 3003 1101 3046 neccsse

125 3078 170 3134 est
183 3071 260 3132 bene
277 3073 454 3150 praedicent,
476 3073 547 3133 iaisa
564 3075 619 3134 vita
634 3089 790 3150 moresque
805 3072 863 3130 mei
877 3076 1024 3147 superant.
1050 3069 1100 3129 Set
1109 3083 1143 3134 28
1246 3153 1247 3160 ἵ
1269 3041 1270 3050 ¹

91 3156 262 3235 aequoniam
288 3164 386 3227 vostra
413 3157 531 3218 consilia
560 3162 751 3224 accusantur,
777 3153 827 3233 qui
856 3155 927 3214 mihi
953 3169 1099 3215 summum

125 3237 267 3299 honorem
293 3244 322 3299 et
340 3257 509 3300 maxumum
530 3241 678 3317 negotium
700 3238 880 3315 inposuistis,
908 3237 993 3297 etiam
1012 3239 1100 3312 atque

123 3323 210 3382 etiam
231 3329 376 3400 reputate,
394 3341 464 3386 num
480 3337 582 3396 earum
595 3322 803 3400 paenitendum
818 3321 862 3380 sit.
899 3319 964 3380 Non
980 3327 1142 3396 possumtt
1246 3317 1247 3330 ¹

124 3403 193 3467 anei
214 3423 315 3468 caussa
335 3408 476 3484 imagines
494 3424 590 3486 neque
606 3405 771 3484 triumphos
785 3411 835 3466 aut
853 3401 1020 3488 consulatus
1037 3419 1098 3461 ma·
