2548 3930
305 175 348 220 nu
362 177 466 220 annno
482 175 683 222 merarmno
697 175 724 218 c.
742 169 801 224 101.
819 169 879 224 102.
1024 161 1080 223 101

4 349 8 406 ι
106 325 143 386 At
162 324 317 401 Iugurtha,
340 324 411 386 dum
432 330 596 387 sustentare
617 343 685 386 suos
708 331 738 386 et
756 341 850 404 prope
871 326 929 386 iam
949 325 1111 404 adaptcme

4 449 7 488 ι
106 409 256 469 victoriam
269 408 397 469 retinere
412 409 491 506 cupit
512 409 726 474 circumventus
744 407 781 468 ab
804 407 958 486 equitibus,
982 408 1084 470 dextra

2 519 6 571 l
109 492 224 552 sinistra
239 489 376 552 omnibus
390 492 494 552 cnemis
509 491 589 553 solus
604 494 679 552 inter
696 489 752 552 tela
768 491 895 552 hostium
909 491 1083 554 vitabundus

3 629 6 642 ,
106 576 241 652 erumpit.
275 575 369 653 Atque
389 575 505 635 interim
526 575 634 636 Marius
657 574 762 651 sugatis
785 575 930 652 equitibus
952 575 1080 636 adcurrit
1093 586 1124 637 ιο

2 699 5 737 ,
83 656 212 718 cauxilic
227 659 296 725 suis,
312 674 386 737 quos
405 656 495 735 pelli'
487 676 544 719 ram
566 665 728 734 acceperat.
760 655 891 736 Denique
905 658 1033 720 hostes
1025 677 1082 719 ram

3 782 4 822 ι
105 740 234 818 undique
251 741 317 801 lusi.
349 739 425 801 Tum
443 741 643 820 spectaculum
656 740 797 804 horribile
812 743 842 801 iu
859 744 968 820 campis
982 748 1123 820 pmcn-11

3 883 4 892 ,
105 822 199 884 tibus:
216 824 299 900 sequi
314 821 430 902 lugere,
451 825 544 885 occidi
560 827 640 904 capi:
660 825 728 903 equi
741 831 828 904 atque
846 826 899 886 viri
914 825 1030 895 adllicti,
1048 843 1083 886 ac

2 977 3 988 χ
104 905 190 967 multi
209 905 376 967 volneribus
396 908 523 986 acceptis
540 925 636 986 nequa
652 909 754 986 lugere
774 925 861 987 pesse
882 926 978 988 neque
1001 910 1082 988 quie·

103 997 165 1050 tem
183 991 260 1070 pati,
278 989 330 1050 uiti
349 989 437 1050 mode
459 1008 493 1051 ac
508 993 604 1052 statim
619 990 787 1051 concidere:
803 998 951 1069 pestremo
975 994 1080 1062 omnia,

70 1089 163 1152 sequa
183 1075 261 1134 visus
282 1080 353 1144 erat,
377 1079 523 1136 constrata
543 1073 607 1136 telis
625 1076 714 1138 armis
733 1075 936 1145 cadaveribus,
960 1081 989 1137 et
1005 1077 1082 1137 inter

106 1175 140 1218 ea
153 1155 261 1220 humus
275 1156 383 1219 iniecta
399 1160 549 1235 sanguina.

188 1240 259 1302 Post
273 1258 307 1302 ea
321 1239 379 1302 loci
393 1242 496 1304 consul
515 1243 586 1304 liant
602 1243 762 1304 dubiarum
775 1245 868 1304 victer
886 1239 1131 1322 perreuitm102

107 1325 246 1404 oppidum
267 1323 383 1394 Cirtam
403 1343 462 1404 quo
479 1327 559 1388 tuitio
582 1327 730 1406 proiectus
748 1327 920 1388 intenderat.
957 1325 1000 1387 llo
1016 1333 1107 1406 poste

106 1407 184 1468 diem
192 1407 328 1485 quintum
339 1425 427 1487 quam
441 1411 547 1472 iterum
558 1410 677 1472 b'arhari
691 1409 767 1472 male
781 1416 981 1487 pugnaverant
994 1408 1083 1488 legati

71 1508 96 1549 ra
105 1509 124 1552 a
133 1490 252 1552 Baccho
266 1493 395 1564 veniunt,
412 1493 463 1570 qui
483 1493 560 1572 regis
579 1493 676 1554 verbis
691 1491 728 1552 ab
743 1493 833 1554 Mario
847 1495 986 1572 petivere,
1009 1494 1083 1554 dues

106 1590 194 1654 quam
211 1573 375 1634 fidissumos
397 1575 434 1635 ad
454 1593 523 1636 eum
539 1577 681 1636 mitteret:
702 1573 775 1636 velle
790 1575 826 1636 de
843 1593 874 1636 sa
889 1576 968 1637 etde
982 1574 1082 1654 pepuli

104 1656 229 1718 Romani
244 1657 396 1720 commodo
415 1658 536 1726 cumeis
551 1658 703 1721 disserere.
738 1656 790 1718 llle
809 1659 905 1718 statim
923 1659 955 1717 L
971 1655 1106 1720 Summa

105 1741 183 1801 att.
207 1739 375 1802 Manlium
366 1741 517 1802 rreiuhet.
554 1742 610 1814 Qui
626 1758 801 1824 quamquam
823 1744 907 1802 acciti
927 1740 1020 1810 ibant,
1039 1747 1081 1801 ta-

105 1841 175 1884 men
196 1823 307 1902 placuit
329 1823 418 1886 rerba
440 1824 517 1904 apud
538 1840 639 1900 regem
660 1824 771 1894 iacere,
799 1826 841 1884 uti
861 1825 1010 1901 ingenium
1032 1832 1082 1886 aut

69 1925 241 1974 zoaversum
254 1907 421 1974 flecterent,
445 1913 495 1968 aut
508 1905 647 1987 cupidum
663 1909 744 1987 pacis
760 1908 957 1969 vehementius
974 1907 1080 1969 adcen-

104 1990 216 2052 dereut.
249 1990 349 2070 ltaque
368 1989 463 2062 Sulla,
479 1993 561 2052 cuius
575 1991 743 2062 facundiae,
765 2008 826 2052 neu
841 1993 927 2053 aetati
943 2009 959 2052 a
973 1991 1107 2053 Manlios

104 2091 286 2142 eoncessum,
308 2091 402 2152 pauca
425 2073 515 2135 rerba
534 2075 656 2136 huiusce
676 2074 755 2137 medi
773 2073 902 2138 locutus:

189 2156 260 2218 ‘Rex
274 2156 400 2226 Bocche,
416 2174 522 2236 magna
537 2157 643 2218 laetitia
666 2156 751 2222 uehis
767 2163 824 2227 est,
849 2156 927 2237 qued
944 2163 974 2217 te
991 2156 1105 2223 taleme

104 2241 199 2300 vuum
215 2240 262 2300 dei
277 2257 419 2300 monuere
433 2241 477 2302 uti
497 2239 652 2320 aliquando
667 2257 770 2317 pacem
786 2257 873 2318 quam
887 2238 995 2300 bellum
1008 2239 1080 2300 mal·
1155 2235 1158 2240 ’

69 2321 147 2388 sales
167 2339 226 2384 neu
246 2329 277 2384 te
295 2328 447 2402 optumum
470 2339 537 2384 cum
558 2340 696 2400 pessumo
716 2325 846 2384 emnium
858 2321 998 2401 Iugurtha
1011 2323 1080 2384 mis-

105 2406 199 2468 cenda
221 2405 488 2475 conmmaculares,
511 2406 597 2468 simul
611 2405 697 2467 uehis
712 2403 865 2486 dempsere
878 2404 1016 2468 acerbam
1028 2423 1080 2468 ne·
1170 2409 1175 2420 ’

105 2489 328 2558 cessitudinem,
343 2491 454 2568 pariter
470 2496 498 2550 te
509 2496 657 2550 errantem
675 2496 703 2550 et
718 2488 800 2550 illum
815 2489 1080 2552 sceleratissumum

103 2573 251 2651 persequi.
289 2573 409 2634 Adhuc
429 2571 538 2652 populo
558 2572 691 2634 Romanu
709 2575 800 2635 iama
821 2575 964 2656 principio
984 2573 1105 2651 inperiti

103 2657 207 2717 melius
223 2658 317 2718 visum
336 2658 446 2720 amicos
460 2675 548 2735 quam
569 2673 669 2720 serves
686 2674 842 2737 quaererer
863 2659 1010 2736 tutiusque
1023 2659 1079 2718 rati

69 2739 267 2804 munientibus
287 2758 375 2818 quam
396 2744 503 2802 coactis
524 2742 690 2819 inperitare.
730 2739 796 2802 'libi
809 2755 880 2800 vere
894 2737 973 2799 nulla
992 2753 1106 2818 epar-r

105 2823 202 2884 tunicr
222 2828 321 2882 nostra
340 2825 479 2893 amicitia,
506 2826 634 2904 primum
663 2825 729 2902 quia
749 2820 853 2902 procul
871 2819 1024 2890 absumus,
1049 2824 1079 2883 iu

104 2924 164 2987 quc
186 2904 325 2968 cbieusae
346 2907 523 2976 minumum,
552 2909 645 2983 gratia
671 2923 726 2984 par
748 2923 783 2966 ac
804 2906 828 2964 si
849 2920 942 3003 prope
963 2904 1078 2966 adesse

103 3005 186 3060 mus,
202 2989 268 3050 dein
283 2990 350 3067 quia
355 2989 623 3087 ⁸parcentiaabunde
637 2989 793 3056 habemus,
810 2989 970 3048 amicorum
983 3004 1079 3068 neque

103 3073 190 3136 nabis
205 3087 301 3150 neque
316 3074 452 3151 cuiquam
469 3074 599 3135 omnium
613 3074 681 3133 satis
697 3071 759 3132 fult.
789 3067 883 3150 Atque
896 3069 953 3131 troc
967 3073 1104 3136 utinamu

68 3175 121 3220 aaa
138 3157 282 3237 principio
302 3155 356 3216 tibi
377 3156 546 3235 placuisset!
566 3173 622 3237 pru
624 3155 700 3216 fecte
721 3173 758 3215 er
772 3151 880 3232 populo
895 3151 1027 3218 Romane
1040 3154 1078 3215 ad

105 3240 163 3302 hcc
183 3245 302 3318 tempus
317 3238 409 3300 multe
423 3237 508 3316 plura
524 3238 602 3301 hena
615 3239 792 3328 accepisses,
816 3255 904 3316 quam
918 3235 993 3297 mala
1010 3253 1078 3314 per·

103 3339 206 3406 pessus
227 3340 268 3384 es.
296 3322 347 3398 Set
362 3324 498 3401 praciam
512 3321 707 3385 humanarum
722 3337 821 3382 rerum
838 3321 966 3382 Fortuna
981 3317 1075 3398 plera·
1085 3336 1103 3386 e

103 3425 162 3488 que
181 3408 271 3482 regit,
298 3407 347 3468 cui
366 3405 477 3468 scilieet
496 3405 605 3485 placuit
626 3412 655 3467 et
675 3406 733 3468 rim
754 3411 783 3468 et
804 3405 927 3484 gratiam
946 3409 1077 3466 nostram
