2548 3930
242 201 285 256 nn
306 201 411 244 nunno
434 201 636 246 rvcvnnunro
660 202 687 245 c.
710 195 754 252 95·
775 195 818 252 96.
841 195 885 251 97.
1012 187 1053 248 97

17 343 31 398 l
74 363 184 425 magno
197 351 326 427 equitatu
341 351 371 410 in
387 356 482 410 castra
497 351 582 420 venit,
598 367 671 430 quos
686 352 729 412 uti
743 370 779 412 ex
795 352 877 413 Latio
893 357 922 414 ct
935 373 952 414 a
967 355 1053 415 sociis

17 442 31 483 ts
75 437 195 509 cogeret
217 431 329 494 liomae
351 433 469 494 relictus
489 440 561 494 erat.
606 435 657 496 Set
680 437 816 512 quoniam
832 454 887 495 nos
908 439 981 497 tanti
1001 439 1079 502 viris

17 527 29 566 t·
74 531 124 575 res
144 515 309 586 admonuit,
334 517 471 578 idoneum
491 519 584 578 risum
601 525 645 579 est
659 519 695 580 de
710 524 814 580 natura
832 518 975 598 cultuque.
992 523 1053 582 eius

17 611 29 650 t
74 601 176 674 paucis
192 599 304 660 dicere:
323 617 419 680 neque
436 603 512 661 enim
528 601 584 662 alio
599 601 664 662 loco
681 603 717 662 de
733 601 830 664 Sullae
844 603 935 664 rebus
949 604 1054 664 dicturi

17 677 35 733 l:
52 693 193 751 isumus,
217 690 246 744 et
265 683 297 743 L·.
323 684 461 752 Sisenna,
483 691 603 762 optume
624 691 654 744 et
675 684 902 762 diligentissume
923 690 1052 750 omnium

17 778 28 828 l
74 767 124 842 qui
140 783 174 825 ea
189 784 237 826 res
253 767 352 828 dixere
371 775 562 846 persecutus,
583 783 686 846 parum
708 769 778 830 mibi
792 769 885 830 libero
904 789 956 831 ore
973 770 1053 831 locu·

17 864 27 900 r·
73 853 121 908 tus
138 849 262 910 ridetur.

158 931 250 1009 lgitur
274 933 352 996 Sulla
373 935 467 1009 gentis
483 936 621 1010 patriciae
643 933 748 996 nobilis
766 935 819 996 luit
837 935 943 998 familia
960 953 1079 1015 propes

17 1033 25 1068 t·
73 1018 132 1076 iam
154 1018 279 1076 extincta
300 1018 446 1079 maiorum
467 1019 597 1092 ignaria,
625 1016 728 1078 litteris
749 1020 868 1080 Graecis
890 1026 976 1098 atque
997 1019 1052 1082 La·

17 1101 142 1162 leontinis
156 1102 233 1162 iuxta
248 1107 335 1179 atque
350 1100 526 1160 doctissume
542 1100 681 1169 cruditus,
708 1103 805 1161 animo
827 1102 949 1178 ingenti:
971 1107 1052 1182 cupi·

17 1199 23 1234 t
74 1184 129 1244 dus
147 1183 344 1263 voluptatum,
373 1190 418 1245 set
439 1183 548 1256 gloriae
571 1183 711 1261 cupidior,
731 1186 788 1244 otio
807 1184 956 1246 luxurioso
979 1204 1050 1256 esse,

17 1289 22 1320 κ
72 1266 225 1328 tamenab
246 1267 369 1345 negotiis
391 1285 552 1346 numquam
566 1269 698 1344 voluptas
713 1275 874 1337 remorata,
896 1271 952 1329 nisi
974 1271 1050 1347 quod

17 1378 21 1389 ·
73 1350 111 1410 de
137 1367 229 1411 uxore
255 1353 348 1428 potuit
375 1350 526 1411 honestius
554 1351 684 1412 consuli:
708 1350 851 1412 facundus
877 1351 997 1412 callidus
1024 1360 1052 1414 et

17 1447 20 1486 s
73 1434 199 1493 amicitia
213 1434 318 1504 facilis,
342 1434 378 1493 ad
396 1433 556 1494 simulanda
573 1452 611 1494 oc
626 1437 842 1494 dissimadcndo
856 1438 972 1512 negotia
988 1435 1051 1496 alti·

17 1516 145 1578 testudo
156 1519 254 1594 ingeni
269 1516 459 1578 incredibilis:
477 1517 635 1578 multarum
649 1534 749 1577 rerum
765 1535 799 1577 ao
812 1536 948 1578 maxume
963 1537 1051 1596 pecu-

17 1618 19 1654 r
73 1600 139 1660 niae
156 1598 286 1678 largitor.
322 1600 416 1678 Atque
431 1599 486 1668 illi,
505 1599 681 1660 felicissumo
697 1601 827 1661 omnium
849 1607 915 1661 ante
938 1601 1077 1666 civileme

72 1683 237 1752 victoriam,
257 1701 417 1762 numquam
436 1701 526 1760 super
546 1683 716 1748 industriam
733 1682 849 1743 fortuna
868 1682 932 1751 luit,
955 1683 1050 1744 multi·

73 1783 131 1843 que
152 1766 320 1828 dubitavere
341 1768 445 1827 fortior
462 1784 499 1826 an
522 1765 633 1827 felicior
650 1772 741 1827 essct:
762 1773 953 1844 nampostea
976 1785 1050 1844 quee

72 1849 184 1918 lecerit,
206 1851 349 1912 incertum
371 1849 475 1920 habeo,
497 1849 607 1928 pudeat
627 1867 664 1910 an
680 1851 778 1929 pigeat
791 1852 883 1930 magis
896 1850 1048 1934 disserere.

17 1950 62 1992 tao
156 1933 248 2009 lgitur
266 1934 362 2004 Sulla,
385 1935 427 1995 uti
448 1951 536 2010 supra
556 1933 739 2003 dictumest,
759 1941 912 2016 postquam
928 1937 959 1996 in
973 1935 1047 1997 Afri·
1060 1947 1100 2010 96

71 2034 136 2077 cam
149 2024 236 2096 atquc
252 2019 281 2078 in
304 2024 398 2080 castra
419 2018 492 2078 llari
515 2035 582 2078 oum
604 2019 733 2096 equitatu
750 2021 839 2088 venit,
861 2019 943 2079 rudis
965 2026 1049 2080 antea

70 2106 101 2160 et
117 2103 237 2176 ignarus
251 2100 328 2170 belli,
345 2097 572 2161 sollertissumus
592 2101 722 2160 omnium
736 2102 766 2160 in
780 2103 881 2178 paucis
894 2107 1049 2179 tempesta·

69 2182 150 2244 tibus
167 2184 260 2244 lactus
275 2191 327 2244 est.
365 2184 409 2245 lu
428 2183 485 2244 hoc
500 2182 604 2244 milites
626 2183 752 2260 benigne
768 2184 930 2260 adpellare:
952 2184 1072 2250 multiss

69 2261 258 2343 rogantibus,
271 2268 333 2328 aliis
344 2285 399 2347 per
414 2284 445 2327 se
465 2268 526 2344 ipse
542 2267 612 2326 dare
627 2263 774 2334 benificia,
789 2267 895 2326 invitus
905 2269 1047 2344 accipere,

33 2355 115 2412 asset
142 2368 175 2411 ea
197 2354 404 2428 properantius
428 2367 515 2428 quam
538 2367 587 2410 aes
608 2353 743 2409 mutuum
763 2348 905 2416 reddere,
928 2351 991 2426 ipse
1011 2349 1048 2410 ab

69 2432 151 2494 nullo
175 2429 329 2512 repetere,
360 2436 452 2511 magis
474 2433 504 2493 id
521 2431 672 2500 laborare,
699 2437 733 2490 ut
753 2432 794 2493 illi
815 2449 902 2511 quam
921 2431 1049 2513 plurumi

69 2515 227 2578 deberent:
247 2520 311 2578 ioca
332 2524 420 2598 atque
441 2518 516 2577 seria
539 2533 606 2576 cum
627 2513 805 2576 humillumis
826 2532 934 2592 agere:
953 2517 983 2576 in
998 2527 1073 2593 ομ

68 2602 147 2661 mine
169 2606 255 2679 atque
272 2603 308 2662 ad
325 2603 435 2680 vigilias
449 2598 558 2661 multus
573 2599 683 2668 adesse,
705 2593 801 2678 neque
823 2601 949 2670 interim,
970 2600 1049 2678 quod

69 2701 160 2760 prava
181 2684 300 2746 ambitio
322 2687 411 2756 solet,
440 2684 567 2746 consulis
589 2688 639 2743 aut
659 2684 831 2762 cuiusquam
851 2681 921 2744 boni
941 2685 1048 2743 lamam

31 2786 58 2828 so
68 2766 200 2828 laedere:
223 2775 336 2830 tantum
353 2769 441 2830 modo
456 2786 553 2847 neque
570 2765 689 2826 consilio
702 2783 798 2843 neque
815 2782 904 2825 manu
919 2767 1048 2842 priorem

68 2849 158 2910 alium
177 2853 245 2926 pati,
261 2850 417 2930 plerosque
432 2851 609 2912 antevenire.
652 2846 764 2919 Quibus
784 2846 874 2908 rebus
895 2854 924 2908 et
938 2847 1075 2908 artibus4

68 2933 152 2994 brevi
169 2933 259 2993 llario
281 2935 478 3012 militibusque
494 2936 672 2994 carissumus
692 2929 793 2991 lactus.

145 3015 190 3075 ult
206 3016 354 3094 lugurtha,
371 3024 524 3096 postquam
537 3015 674 3094 oppidum
688 3011 809 3091 Capsam
824 3011 953 3091 aliosque
967 3011 1047 3075 locos
1057 3015 1098 3076 97

68 3100 197 3160 munitos
212 3107 241 3160 et
262 3101 317 3161 sibi
336 3101 414 3162 utilis
429 3099 516 3161 simod
532 3107 560 3160 et
580 3113 716 3173 magnam
733 3097 886 3172 pecuniam
902 3099 1046 3166 amiserat,

31 3197 58 3238 ³⁵
68 3182 106 3244 ad
120 3181 271 3246 Bocchum
285 3187 403 3246 nuntios
418 3186 512 3251 mittit,
529 3201 618 3261 quem
634 3179 762 3258 primum
777 3179 807 3237 in
817 3177 981 3240 Numidiam
998 3198 1047 3239 co-

67 3267 132 3344 pias
147 3267 318 3329 adduceret:
341 3268 433 3346 proeli
448 3263 586 3327 faciundi*
596 3271 711 3340 tempus
726 3261 837 3324 adesse.
882 3263 974 3334 Quem
995 3260 1072 3323 ubit

68 3353 201 3411 cunctari
223 3353 335 3430 accepit
354 3358 383 3413 et
405 3351 526 3413 dubium
541 3347 610 3409 belli
632 3354 719 3424 atque
741 3347 821 3423 pacis
840 3347 968 3407 rationes
986 3351 1046 3404 tra·

67 3431 157 3504 here,
180 3451 298 3505 rursus,
321 3439 363 3496 uti
383 3443 482 3504 antea,
504 3447 664 3513 proxumos
682 3427 773 3510 [eius]
795 3429 878 3490 donis
899 3429 1045 3505 conrupit,

138 3531 272 3584 Senones.
805 3577 807 3582 .
875 3532 893 3588 7
