2536 3936
309 192 548 271 6666666666
572 225 812 320 eoumnarroun
834 225 861 268 c.
883 220 909 272 5.
928 219 953 272 6.
1101 209 1120 271 3

142 375 252 438 bouum
267 378 357 436 otium
373 370 537 446 munerare,
550 393 648 456 ueque
662 395 733 438 vero
743 391 853 450 666666
869 375 992 436 colendo
1006 382 1055 437 aut
1068 395 1120 439 va

141 461 246 558 nando,
262 455 416 538 servilibug
426 459 537 529 666666,
552 461 832 522 intentumaetatem
846 474 950 534 agere,
967 467 1145 540 setaquoe

145 546 262 622 incepto
282 524 437 632 studioque
455 561 506 604 mc
524 543 642 609 ambitio
663 543 739 604 mala
754 544 932 614 detinuerat,
942 543 1058 616 eodem
1072 562 1120 605 re
1154 597 1160 620 ,

141 644 260 704 gressus
271 629 358 688 statui
369 645 417 688 res
432 634 529 702 gestas
542 628 644 709 populi
654 627 778 702 Romani
789 628 927 708 66666666,
943 634 976 688 66
987 647 1122 706 quaeque

13 759 15 796 ὲ
122 727 283 772 ememorra
292 709 381 786 66666
388 710 573 780 videbantur
586 711 781 800 perscribere,
792 713 942 786 somogia,
957 713 1035 791 quod
1049 711 1121 772 mtbi

142 810 246 870 6666,
262 800 363 862 metu,
379 795 513 875 partibus
526 791 718 875 reipublicae
740 797 854 856 6666666
876 792 951 854 liber
969 802 1043 854 orat.

61 883 62 886 ’
224 877 316 953 Igitur
339 879 375 939 de
390 879 536 940 Catilinae
535 881 758 948 coniuratione,
782 895 870 958 quam
891 879 1053 939 verissume
1066 895 1145 958 poa

141 968 220 1030 tero,
240 963 342 1038 paucis
364 962 528 1026 absolvam:
549 980 617 1026 uam
639 965 668 1024 id
689 963 853 1023 fronesin
867 963 971 1040 primis
985 979 1040 1040 ego
1055 981 1116 1027 me·
1128 985 1145 1034 4
1187 1029 1193 1042 „

142 1043 284 1106 morabile
299 1047 442 1107 existumo
456 1047 575 1108 sceleris
587 1054 673 1125 atque
687 1045 810 1124 periculi
821 1047 957 1106 novuate.
980 1046 1022 1108 lle
1036 1051 1144 1120 cuius5

111 1144 133 1182 10
142 1129 268 1189 bominis
282 1129 414 1190 moribus
429 1131 993 1210 66666666666616666666666666666
1006 1132 1119 1195 initium

44 1269 48 1274 ,
142 1213 282 1274 narrandi
304 1212 417 1274 faciam.
519 1257 523 1267 »

221 1297 332 1358 Lucius
354 1297 473 1359 Catilina
495 1297 585 1358 nobili
606 1303 716 1375 genere
733 1304 819 1358 natus
835 1297 904 1366 fuit,
927 1313 1033 1377 magna
1048 1303 1076 1360 vi
1090 1271 1151 1365 665

142 1382 230 1442 animi
242 1387 271 1442 et
283 1383 425 1459 corporis,
442 1388 486 1442 666
507 1383 623 1458 iugenio
638 1381 715 1442 malo
729 1398 887 1478 pravoque.
910 1381 985 1442 Huic
999 1383 1035 1442 ab
1047 1383 1120 1445 adu·
1106 1403 1146 1451 2
1158 1427 1170 1443 .

142 1465 279 1526 lesceutia
301 1464 376 1526 bella
398 1467 548 1533 intestina,
570 1467 689 1534 caedes,
712 1467 846 1543 rapinae,
869 1465 1012 1526 discordia
1030 1468 1121 1528 civilis

95 1563 133 1606 ,15
143 1555 226 1624 grata
242 1547 341 1616 fuere,
359 1548 458 1626 ibique
473 1550 651 1608 iuventutem
670 1566 753 1608 suam
771 1551 909 1608 exercuit.
941 1549 1055 1626 Corpus
1070 1569 1119 1628 66
1130 1571 1146 1622 3

101 1701 107 1716 ι
143 1632 217 1692 treus
229 1632 357 1698 mediae
371 1631 493 1704 algoris,
508 1630 622 1704 vugdrae
633 1647 722 1706 supra
733 1649 822 1706 quam
834 1648 970 1707 cuiquam
981 1632 1121 1692 credibile

145 1721 196 1774 est.
220 1715 341 1774 Animus
355 1712 459 1780 audax,
472 1711 622 1779 marolus,
634 1714 741 1781 666666,
757 1715 839 1784 cuius
853 1730 896 1772 rer
889 1712 992 1773 lubet
1004 1715 1121 1775 simula·
1109 1733 1147 1780 -4

143 1804 190 1857 tor
212 1813 247 1856 ac
266 1793 476 1856 dissimulator:
499 1796 585 1856 aliem
606 1788 755 1874 adpetens,
775 1797 822 1857 sui
843 1795 990 1874 prolusus,
1014 1787 1122 1858 ardens

108 1883 173 1941 in
190 1878 407 1958 cupiditatibus:
424 1881 493 1940 satis
508 1878 698 1958 eloquentiae,
704 1882 830 1979 ⁸sapient
829 1882 873 1941 iae
888 1897 1008 1958 parurn:
1024 1889 1122 1942 vastus

66 1971 72 1982 “
109 1963 460 2033 inanimusiumodorata,
477 1963 667 2033 incredibilia,
681 1963 962 2044 nimisaltasempor
975 1965 1119 2063 cupiebat.

144 2049 229 2110 lluuc
245 2053 312 2144 6666
327 2047 554 2110 dominationem
570 2047 642 2109 luci
658 2047 755 2109 Sullae
769 2047 870 2108 lubido
890 2066 1026 2108 maxuma
1041 2050 1120 2108 inve
1131 2062 1147 2112 6

142 2138 223 2194 serat
242 2132 287 2190 rei
307 2131 442 2209 publicae
466 2131 636 2210 capiundae,
653 2144 755 2219 neque
773 2133 808 2193 id
828 2131 1050 2210 quibusmodis
1068 2121 1121 2194 ad

143 2220 317 2293 sequeretur
329 2216 399 2276 dum
414 2214 470 2275 sibi
474 2231 609 2313 reguum
620 2205 747 2293 pararet,
762 2217 918 2310 quiequam
932 2216 1016 2289 pemi
1030 2214 1121 2278 habc-

142 2299 202 2358 bat.
219 2296 390 2374 Agitabatur
404 2300 497 2374 magis
511 2300 662 2376 magisque
673 2299 702 2356 in
722 2298 783 2358 dieo
799 2298 915 2362 666666
929 2295 1012 2354 imon
1022 2297 1146 2393 iuopiar

108 2402 133 2441 25
142 2384 187 2441 rei
203 2379 352 2440 lumbaris
367 2387 396 2441 et
409 2381 584 2448 consulentis
600 2379 760 2463 scelerum,
783 2395 857 2456 quae
872 2381 997 2457 utraque
1017 2381 1059 2440 eis
1073 2397 1120 2440 ar·

143 2464 222 2524 tibus
240 2469 374 2532 auxerat,
398 2479 470 2541 quas
491 2480 581 2541 supra
602 2455 769 2538 memoravi.
793 2461 955 2526 Incitabant
967 2469 1146 2541 praetereas

144 2548 282 2625 corrupti
304 2547 425 2611 civitatis
444 2563 557 2616 mores,
577 2564 651 2625 (6666
668 2560 810 2636 66666666
820 2565 854 2606 66
868 2547 983 2611 divorsa
995 2549 1074 2607 iuter
1088 2564 1121 2609 se

143 2631 229 2700 mala,
253 2630 369 2692 luxuria
389 2638 476 2710 atque
493 2631 621 2700 avaritia,
645 2623 810 2690 vexabant

228 2713 309 2775 Res
301 2731 364 2792 6666
378 2716 491 2776 hortari
504 2715 635 2782 videtur,
653 2715 788 2791 quoniam
798 2713 837 2774 de
850 2713 982 2791 moribus
998 2714 1119 2796 civitatis
1131 2727 1160 2796 6,
1176 2753 1185 2766 -

106 2821 134 2862 oo
143 2807 259 2878 tempus
279 2791 445 2868 admonuit,
460 2815 556 2876 supra
569 2805 705 2875 repetere
722 2815 757 2858 66
773 2798 874 2875 paucis
888 2798 1017 2856 6666666666
1030 2791 1121 2857 maio·

144 2901 212 2943 rum
235 2883 313 2944 domi
326 2883 408 2943 murt·
387 2889 512 2962 t,raeque
536 2899 594 2960 quo
613 2881 700 2940 modo
714 2897 778 2940 rem
794 2877 941 2958 publicam
963 2878 1122 2956 habuerint

145 2973 342 3044 quantamque
362 2965 550 3045 reliquerint,
573 2972 605 3024 ut
620 2963 759 3044 paulatim
773 2967 919 3045 inmutata·
933 2950 1120 3041 6666161666-

143 3066 230 3109 ruma
251 3057 339 3124 utque
365 3058 485 3127 optumo
506 3065 641 3126 66666666
670 3067 704 3108 66
721 3048 955 3124 flagitiosissuma
978 3046 1053 3109 facta
1073 3051 1119 3118 sit,

145 3133 299 3194 disserere.

107 3240 136 3282 aa
229 3215 341 3278 Urbem
365 3216 501 3286 Romam,
529 3219 613 3277 sicuti
634 3234 690 3295 666
708 3216 822 3308 accepi,
852 3180 1062 3276 condiderat
1032 3179 1151 3310 atque'l

146 3300 279 3362 habuere
292 3302 373 3362 initio
390 3301 518 3372 Troiani,
528 3303 589 3380 qui
603 3301 701 3362 deueo
713 3295 790 3360 duee
805 3297 923 3378 profugi
939 3298 1083 3359 sedibus'
1074 3314 1120 3356 ur·

147 3386 235 3444 certis
249 3385 439 3460 vagabantur
457 3403 581 3482 cumque
601 3386 642 3446 eis
657 3385 838 3484 Aborigines,
862 3398 955 3458 genus
968 3381 1118 3441 homiuum

148 3474 272 3550 agreste,
293 3471 357 3530 aine
372 3469 494 3548 legibus,
519 3470 589 3528 sine
586 3469 717 3548 inperio,
740 3467 866 3530 liberum
881 3473 967 3544 atque
982 3463 1117 3524 solutum.

926 3567 965 3622 1*
