2548 3930
188 175 190 180 ’
303 191 346 230 nu
366 189 469 232 nunno
492 174 691 231 rvovn‘rnmo
712 189 739 231 o.
761 180 805 235 63.
826 180 869 234 64.
1035 173 1076 232 77

181 339 279 400 Setis
299 345 386 400 natus
407 343 437 398 et
460 355 577 398 omnem
598 339 754 417 pueritiam
780 337 882 416 Arpini
907 337 995 407 altus,
1023 339 1099 404 ubis

97 425 224 502 primum
238 427 317 482 aetas
337 421 455 482 militiae
467 423 581 499 patiens
594 423 656 491 fnit,
675 421 825 500 stipendiis
839 421 991 490 faciundis,
1014 440 1074 483 non

97 507 209 567 Graeca
229 505 365 566 facundia
378 523 475 584 neque
489 505 613 566 urbanis
624 506 773 567 munditiis
787 521 851 566 sese
869 508 1014 568 exercuit:
1036 509 1075 566 ita
1179 515 1181 524 “

96 592 172 652 inter
193 591 263 651 artis
283 588 376 649 bonas
392 591 538 667 integrum
559 592 710 666 ingenium
729 589 812 650 brevi
831 587 962 650 adolevit.
995 589 1101 668 bbgot

73 673 148 736 subi
163 674 292 750 primum
305 672 485 733 tribunatum
499 673 653 735 militarem
669 693 685 734 a
699 672 808 752 populo
822 674 910 751 petit,
927 671 1081 751 plerisque

95 756 202 817 faeiem
221 758 283 817 eius
300 755 502 833 ignorantibus
524 757 607 818 factis
620 763 707 818 notus
727 775 781 835 per
804 757 898 816 omnis
916 756 1010 817 tribus
1023 753 1073 816 de-

96 839 233 900 claretur.
273 839 392 900 Deinde
409 840 447 901 ab
468 859 503 902 eo
518 842 688 917 magistratu
713 839 802 902 alium
823 845 890 918 post
910 839 1000 901 alium
1020 839 1101 902 sibis

78 925 223 1002 peperit,
252 933 427 1002 semperque
454 927 485 985 in
505 924 695 1003 potestatibus
720 943 754 984 eo
775 924 862 984 modo
885 924 1020 1000 agitabat,
1044 930 1077 984 ut
1154 977 1157 983 .

95 1007 237 1084 ampliore
254 1025 342 1084 quam
355 1007 477 1084 gerebat
492 1008 598 1084 dignus
615 1008 784 1070 baberetur.
818 1007 959 1067 'lamen'
951 1025 976 1067 rs
991 1007 1028 1069 ad
1045 1007 1100 1072 id6

56 1091 229 1151 colonorum
244 1090 421 1150 talisrir-
442 1081 511 1151 ntm
533 1098 633 1169 postea
649 1092 807 1152 ambitione
826 1107 968 1168 praeceps
990 1090 1096 1152 datus
1140 1105 1143 1108 ·

94 1181 196 1234 est-
198 1167 406 1244 ,consolatum
421 1175 559 1253 adpetere
579 1193 639 1236 non
660 1174 795 1237 audebat
831 1174 987 1235 Etiamtum
1004 1173 1107 1236 alios
1156 1229 1157 1234 ,

93 1259 279 1336 magistratus
292 1258 402 1336 plebes,
425 1259 610 1320 consulatum
620 1258 757 1320 nobilitas
768 1260 845 1318 inter
860 1275 892 1318 se
906 1275 960 1336 per
971 1275 1075 1318 manus
1125 1260 1130 1273 ‘

92 1342 234 1402 tradebat.
265 1342 366 1440 Novus
376 1361 464 1404 nemo
479 1349 538 1403 tam
555 1343 652 1404 clarus
664 1361 761 1422 neque
775 1350 835 1402 tam
850 1342 975 1420 egregiis
991 1341 1099 1402 lactist

95 1431 173 1492 erat,
186 1425 256 1502 quin
269 1427 294 1484 is
304 1409 440 1502 indignus
450 1427 499 1486 illo
511 1427 624 1488 bonore
635 1435 663 1488 et
674 1445 756 1506 quasi
748 1426 894 1505 pollutus
905 1425 1072 1485 baberetur.

42 1532 83 1570 a·
178 1507 269 1586 Igitur
280 1507 332 1567 nbi
345 1509 454 1570 Marius
469 1512 610 1586 aruspicis
623 1511 700 1570 dicta
714 1509 818 1570 eodem
828 1509 981 1570 intendere
997 1509 1075 1569 videt
1086 1507 1125 1566 64

95 1608 153 1670 quo
168 1592 274 1670 cupido
290 1593 378 1655 animi
392 1591 573 1660 hortabatur,
587 1592 623 1652 ab
635 1592 750 1654 Metello
764 1592 885 1670 petundi
900 1594 992 1668 gratia
1005 1594 1074 1651 mis·

94 1677 206 1736 sionem
228 1682 323 1753 rogat.
368 1675 420 1736 Cui
448 1693 626 1756 quamquam
645 1679 737 1737 virtus
757 1677 849 1752 gloria
872 1675 927 1736 alia
948 1676 1074 1754 optanda

94 1758 179 1818 bonis
200 1759 387 1836 superabant,
403 1766 502 1820 tamen
522 1761 616 1820 inerat
639 1766 822 1838 contemptor
841 1761 954 1819 animm
975 1765 1004 1818 et
1025 1776 1073 1819 su·

93 1842 212 1918 perbia,
229 1860 385 1904 commune
394 1841 552 1904 nobilitatis
562 1844 681 1904 malum.
701 1843 801 1923 ltaque
812 1845 908 1921 primo
920 1848 1099 1902 commotast

49 1948 80 1986 ιο
93 1924 208 1987 insolita
222 1943 255 1986 re
269 1927 371 1988 mirari
387 1928 516 2004 primum
530 1929 592 1988 eius
608 1928 775 1998 eonsilium,
790 1936 819 1989 et
833 1928 916 2006 quasi
932 1944 985 2004 per
1003 1928 1073 1987 ami·

93 2010 189 2072 citiam
211 2027 331 2072 monere
349 2027 388 2072 ne
408 2018 468 2070 tam
487 2029 577 2088 prava
594 2015 737 2090 inciperet
750 2031 808 2074 neu
822 2029 911 2088 super
925 2010 1074 2070 fortunam

92 2094 223 2154 animum
238 2101 370 2171 gereret:
385 2112 445 2155 non
460 2097 556 2155 omnia
570 2095 706 2159 omnibus
717 2096 863 2174 cupiunda
875 2113 950 2162 esse,
965 2093 1074 2154 dehere

90 2175 134 2236 illi
154 2195 204 2237 res
223 2193 292 2237 suas
314 2180 383 2237 satis
407 2177 540 2255 plaeere:
568 2185 717 2255 postremo
740 2185 857 2238 caveret
883 2177 912 2237 id
933 2181 1034 2254 petere
1056 2195 1073 2235 a

89 2258 202 2336 populo
221 2259 369 2328 Romano,
391 2262 469 2337 quod
490 2260 531 2320 illi
551 2263 615 2322 inre
629 2267 796 2340 negaretur.
826 2260 985 2337 Postquam
1000 2259 1099 2320 htecs

47 2370 77 2408 25
92 2350 181 2420 atque
201 2342 256 2402 alia
268 2343 335 2402 talia
351 2344 422 2403 dixit
437 2343 532 2422 neque
544 2345 657 2405 animus
672 2344 745 2404 llari
759 2344 901 2412 flectitur,
922 2343 1074 2419 respondit

89 2426 145 2486 ubi
156 2429 283 2504 primum
294 2428 436 2504 potuisset
446 2444 499 2504 per
510 2429 625 2505 negotia
636 2426 753 2505 publica
765 2428 909 2489 iacturum
923 2443 987 2487 sese
998 2445 1072 2506 quae

88 2516 216 2589 peteret.
248 2511 290 2571 bo
303 2516 405 2589 postea
420 2513 536 2588 saepius
552 2511 653 2572 eadem
669 2511 854 2594 postulantis
852 2520 933 2572 ertur
948 2511 1070 2576 dixisse:
1080 2524 1098 2573 4

88 2613 130 2654 ne
149 2593 299 2660 festinaret
314 2593 410 2656 abire:
430 2596 498 2656 satis
519 2601 633 2655 mature
655 2594 736 2656 illum
757 2615 825 2657 eum
845 2596 904 2656 filio
926 2613 979 2656 sno
1001 2612 1070 2656 con·

90 2676 218 2740 sulatum
239 2682 407 2755 petiturum.
441 2678 469 2739 Is
486 2696 521 2739 eo
536 2685 669 2776 tempore
691 2680 882 2743 contubernio
904 2681 995 2758 patris
1016 2678 1071 2739 ibi·
1147 2716 1156 2726 -

46 2787 79 2838 ³0
92 2763 161 2822 dem
182 2761 337 2831 militabat,
357 2779 449 2823 annos
469 2769 554 2824 natus
575 2764 690 2824 circiter
703 2766 810 2844 viginti.
854 2765 934 2834 Quae
948 2780 998 2822 res
1011 2763 1071 2822 lda-

87 2848 170 2906 rium
192 2863 259 2906 cum
280 2862 335 2922 pro
357 2845 486 2915 honore,
509 2865 596 2925 quem
611 2849 788 2917 adfectabat,
811 2855 876 2907 tum
891 2853 993 2904 contra
1010 2843 1070 2905 ble-

87 2927 193 2990 tellum
207 2928 395 2990 vehementer
409 2929 593 2992 adcenderat.
625 2932 667 2993 lta
683 2934 817 3010 cupidine
833 2930 941 3007 atque
933 2947 985 2998 na,
1003 2945 1069 3007 pes·
1058 2941 1096 2991 ·5

88 3013 183 3075 sumis
198 3005 422 3081 consultoribus,
438 3017 572 3090 grassari,
596 3032 690 3095 neque
706 3017 782 3078 facto
803 3013 863 3074 ullo
880 3006 975 3090 nequd
991 3012 1068 3074 dieto

89 3097 254 3166 abstinere,
277 3097 356 3174 quod
377 3097 464 3157 modo
486 3098 682 3173 ambitiosum
685 3101 776 3168 toret,
799 3097 903 3158 milites
918 3096 1047 3176 quibus
1038 3115 1069 3158 ιιι

46 3205 77 3248 3·
88 3181 224 3242 bibernis
238 3188 374 3258 praeerat
388 3180 522 3242 laxiore
515 3185 627 3260 inperio
643 3201 731 3260 quam
745 3190 829 3244 antea
847 3181 971 3251 habere,
992 3180 1069 3280 apud

88 3266 298 3341 negotiatores,
319 3283 445 3343 quorum
465 3283 570 3344 magna
587 3267 742 3340 multitudo
758 3266 857 3328 Uticae
880 3273 955 3336 erat,
972 3265 1068 3325 crimi-

89 3364 166 3408 nose
184 3349 269 3410 simul
284 3358 313 3411 et
326 3349 478 3428 magnifiee
492 3349 618 3412 debello
633 3351 727 3429 loqui:
745 3352 861 3412 dimidia
875 3367 944 3428 pars
958 3335 1098 3409 exerci-

89 3441 142 3494 tus
154 3449 178 3492 ει
170 3433 243 3493 'sibi
256 3437 483 3511 permitteretur,
498 3437 598 3514 paneis
613 3435 724 3496 diebus
731 3434 922 3515 Iugurtham
914 3451 944 3494 ιιι
960 3433 1068 3493 catenis
