2536 3936
332 199 374 240 nn
396 197 498 240 annno
522 192 699 240 ruarerruo
721 197 748 238 c.
769 187 796 238 t.
809 191 844 238 ¹5.
1036 175 1076 236 39

107 345 201 408 claros
222 347 299 406 viros
320 343 420 404 solitos
435 345 474 404 ita
494 345 610 406 dicere:
631 363 699 406 cum
712 347 855 406 maiorum
871 341 1012 421 imagines
1032 354 1076 403 Ιιιι-

106 428 536 498 tuerenmr,rehementissume
547 427 602 490 sibi
613 429 742 490 mimum
751 429 788 489 ad
798 430 933 490 uirtutem
944 428 1074 490 adcendi.

108 511 221 573 Scilicet
233 530 292 572 non
307 528 406 572 ceram
421 510 501 572 illam
513 529 609 590 neque
623 511 747 588 liguram
768 518 878 572 tantam
891 513 948 572 rim
962 513 992 572 in
1013 517 1103 572 sesess

49 619 54 624 ·
108 595 224 664 habere,
237 602 282 656 set
296 595 436 656 memoria
447 602 705 672 rerumgestarum
720 613 784 658 eam
793 595 939 656 mmmam
954 596 1078 672 egregiis

83 679 173 738 sciris
194 680 224 738 in
244 685 363 756 pectore
387 696 521 738 crescere
542 697 638 758 neque
658 681 740 757 prius
761 679 858 740 sedari
878 697 965 757 mam
986 680 1078 738 virtus

108 780 211 823 eornm
232 761 339 822 lamam
359 767 446 840 atque
468 761 591 838 gloriam
611 763 788 841 adaequarit.
832 763 869 822 At
890 769 991 822 contra
1014 762 1103 840 quiea

108 851 153 906 est
166 846 293 906 omnium
303 844 349 904 his
358 844 499 914 moribus,
513 847 583 924 quin
594 845 696 906 divitiis
710 852 740 907 et
752 845 924 944 sumptibus,
935 863 996 906 non
1009 862 1078 922 pro-

107 928 193 988 bitate
208 945 319 1025 neque.
319 928 460 990 industria
475 947 542 990 eum
556 929 715 990 maiorilim
729 931 788 990 suis
804 929 976 990 contendat?
992 931 1079 989 etiam

108 1011 239 1072 homiues
253 1013 330 1081 novi,
343 1013 394 1090 qui
403 1020 488 1072 antea
502 1030 556 1090 per
570 1014 707 1074 virtutem
721 1013 797 1073 soliti
807 1021 891 1074 erant
900 1011 1079 1073 nobilitatem

73 1117 99 1158 m
108 1097 280 1164 antevenire
291 1095 392 1156 lurtim
404 1101 433 1156 et
442 1114 496 1173 per
507 1089 657 1157 latrocinia
667 1097 764 1174 potrus
775 1115 862 1174 mom
873 1096 959 1156 boms
968 1096 1080 1156 artabus

108 1179 172 1240 ad
163 1181 274 1256 inperia
296 1186 325 1239 et
338 1179 467 1240 honores
487 1181 635 1241 nituntur·
657 1179 780 1257 proinde
803 1181 885 1258 quasi
899 1185 1036 1256 praetura
1052 1184 1105 1240 ete

108 1263 273 1324 consulatus
288 1269 374 1340 atque
392 1262 446 1324 alia
461 1265 558 1326 omnia
573 1264 695 1324 huiusce
708 1264 788 1324 modi
800 1281 855 1343 per
867 1281 904 1323 se
925 1265 987 1340 ipsa
1002 1262 1086 1324 clara
1143 1327 1146 1337 y

108 1353 136 1408 et
157 1347 309 1422 magnilica
330 1347 402 1414 siut,
425 1365 460 1408 ac
473 1365 533 1409 non
548 1348 671 1426 perinde
689 1345 852 1410 habeantur
866 1353 899 1408 ut
914 1363 1021 1408 eorum
1031 1348 1081 1424 qui

109 1448 143 1490 ea
157 1431 300 1490 sustinent
320 1431 410 1490 virtus
431 1437 483 1490 est.
518 1429 627 1492 Verum
641 1447 695 1506 ego
716 1430 836 1492 liberius
850 1431 993 1508 altiusque
1012 1432 1108 1507 pro-⁹

74 1537 99 1576 ιι
110 1514 198 1580 cessi,
219 1513 289 1574 dum
311 1530 358 1572 me
379 1513 499 1574 civitatis
520 1531 637 1574 morum
657 1515 736 1590 piget
754 1515 922 1592 taedetque:
944 1530 1024 1573 nunc
1045 1513 1082 1573 ad

109 1598 256 1673 inceptum
274 1596 374 1656 redeo.

195 1678 308 1739 Belum
326 1679 489 1756 scripturus
511 1695 590 1747 sum,
611 1679 690 1756 qaod
709 1677 836 1756 populus
850 1677 998 1738 Romanus
1016 1679 1112 1738 cumb

110 1761 260 1836 iugurtha,
275 1776 347 1837 rege
365 1761 567 1830 Numidarum,
588 1763 690 1838 gessit,
713 1763 840 1838 primum
856 1763 922 1841 quia
944 1779 1082 1837 magnum

112 1852 140 1906 et
161 1850 243 1904 atrox
266 1846 403 1922 uariaque
419 1846 538 1905 uictoria
559 1844 626 1914 mio,
650 1845 756 1906 dehinc
776 1847 844 1924 quia
862 1851 933 1905 tunc
955 1847 1108 1923 primum2

74 1948 101 1988 ao
110 1927 264 2006 superbiae
278 1927 434 1988 nobilitatis
448 1928 562 1989 obviam
577 1931 650 1990 itum
664 1936 721 1998 est,
736 1947 811 2010 quae
826 1932 973 1990 contentio
987 1930 1082 1990 divina

111 2018 140 2071 et
159 2011 285 2074 humana
300 2018 404 2072 cuncta
424 2014 594 2090 permiscuit
608 2032 702 2094 eoque
718 2015 870 2076 vecordiae
885 2016 1035 2092 processit,
1050 2021 1082 2074 ut

110 2095 211 2154 studiis
226 2095 356 2156 civilibus
373 2095 483 2158 bellum
496 2104 583 2175 atque
603 2099 718 2158 vastitas
732 2097 832 2158 ltaliae
853 2098 941 2157 finem
961 2089 1079 2158 laceret.

111 2178 161 2240 Set
173 2179 255 2260 prius
271 2197 358 2257 quam
378 2179 499 2240 huiusce
514 2180 593 2240 modi
613 2182 658 2242 rei
671 2182 785 2242 initium
800 2180 968 2277 expediam,
988 2187 1109 2275 paueat
1196 2174 1199 2180 ’

111 2279 199 2344 supra
211 2269 351 2339 repetam,
364 2280 422 2340 quo
437 2263 474 2322 ad
489 2264 725 2336 cognoscendum
739 2264 835 2322 omnia
849 2259 981 2322 inlustria
991 2264 1083 2337 magis
1113 2310 1118 2320 .

73 2346 259 2421 samagisque
279 2345 309 2404 in
328 2349 430 2422 aperto
449 2346 514 2404 sint.

194 2426 276 2487 bello
289 2427 399 2488 Punico
413 2427 552 2496 secundo,
568 2445 627 2505 quo
639 2428 697 2488 dux
712 2427 991 2503 Carthaginiensium
1006 2427 1083 2488 Han·
1093 2433 1111 2481 4

111 2511 190 2572 nibal
205 2515 273 2589 post
288 2509 517 2587 magnitudinem
537 2511 663 2572 nominis
675 2510 800 2572 Romani
812 2511 910 2572 ltaliae
931 2529 1003 2590 opes
1022 2529 1082 2572 ma·
1151 2549 1153 2553 ,

111 2614 200 2656 nume
216 2595 386 2662 adtriverat,
408 2594 572 2664 Masinissa,
594 2612 648 2655 rex
664 2594 869 2664 Numidarum,
885 2597 915 2656 in
930 2596 1084 2656 amicitiam
1147 2671 1149 2676 ι

111 2686 248 2758 receptus
269 2697 286 2740 a
305 2678 337 2740 P.
361 2679 496 2758 Scipione
515 2681 562 2740 cui
583 2684 685 2756 postea
704 2678 840 2741 Africano
862 2677 1027 2755 cognomen
1049 2697 1084 2738 ex
1146 2677 1149 2718 ι

76 2783 103 2826 ao
112 2764 218 2824 virtute
228 2761 290 2831 luit,
303 2761 392 2824 multa
409 2769 438 2823 et
454 2762 605 2842 praeclara
619 2763 665 2823 rei
676 2761 807 2824 militaris
821 2762 950 2824 facinora
965 2762 1082 2826 lecerat,

114 2846 151 2906 oh
174 2865 248 2925 quae
270 2847 351 2906 victis
372 2845 657 2922 Carthaginiensibus
672 2853 701 2906 et
718 2853 803 2924 capto
821 2844 935 2913 Soleae,
958 2847 1041 2905 euius
1055 2846 1084 2904 in
1103 2887 1106 2894 .

113 2929 210 2990 ethica
231 2945 369 3005 magnum
383 2935 470 3008 atque
486 2929 543 2990 late
561 2930 709 3006 inperium
722 2929 819 2998 ualuit,
838 2927 965 3006 populus
979 2927 1086 2989 Roma·

113 3030 170 3074 nus
189 3029 386 3092 quascumque
409 3012 492 3074 mbis
519 3018 547 3074 et
568 3028 655 3089 agros
674 3031 762 3074 manu
784 3019 901 3092 ceperat
922 3015 985 3088 regi
1007 3014 1084 3072 dono

116 3096 203 3158 dedit.
240 3095 331 3171 lgitur
351 3097 474 3157 amicitia
489 3095 654 3158 Masinissae
669 3096 747 3157 bona
763 3103 858 3175 atque
862 3094 983 3157 honesta
1000 3096 1114 3158 nobiso
1147 3169 1151 3176 Ι

79 3199 105 3242 as
116 3180 288 3259 permansit:
310 3179 406 3258 inperi
426 3179 557 3259 vitaeque
572 3183 634 3242 eius
649 3181 715 3240 finis
730 3181 808 3241 idem
821 3178 883 3240 luit.

199 3263 272 3324 llein
292 3262 411 3342 llioipee
432 3261 507 3324 tilius
520 3280 646 3340 regnum
660 3263 739 3324 solus
755 3263 878 3324 obtinuit
890 3241 1086 3324 Mastanabale

116 3353 147 3407 et
161 3345 283 3408 Gulussa
305 3347 445 3408 lratribus
462 3347 567 3408 morbo
588 3346 755 3426 absumptis.
799 3347 827 3408 ls
846 3346 1039 3408 Adherbalem
1055 3351 1087 3405 et

114 3429 308 3508 Hiempsalem
329 3451 365 3494 ex
386 3445 450 3493 sese
471 3432 586 3509 genuit,
609 3430 851 3513 Iugurthamque,
873 3431 964 3491 tilium
982 3428 1088 3489 blastu-
1143 3481 1147 3490 ,
