2548 3930
163 133 204 196 88
318 125 324 132 ’
399 151 443 192 nu
462 151 565 194 sunno
587 153 786 196 marrucino
810 153 838 196 o..
860 145 949 216 85„

138 307 195 364 aet
214 297 381 378 superbiam
403 304 525 360 aetatem
541 316 637 377 agere.
671 300 721 360 Set
741 301 812 361 mibi
834 308 941 362 contra·
958 321 992 364 ea
1010 303 1143 366 videtur:

91 441 96 456 ,
164 403 234 444 nam
259 401 317 462 quo
336 382 428 460 pluris
451 389 495 443 est
516 387 651 442 univorsa
668 403 717 444 res
733 385 849 464 publica
864 404 952 465 quam
973 386 1142 450 consulatus

167 476 217 528 ant
229 474 381 547 praetura,
404 485 439 526 eo
453 468 562 528 maiore
577 485 648 527 cura
661 467 739 530 illam
754 468 948 530 administrari
964 487 1051 548 quam
1067 470 1143 538 baec

139 554 225 631 apati
240 551 357 612 debere.
383 550 483 628 Neque
498 549 646 619 messiallit,
662 559 801 629 quantum
813 565 880 612 cum
896 562 1143 616 maxumovostro

165 636 298 697 benificia
313 635 410 713 negoti
428 634 593 694 sustineam.
628 633 741 696 Bellum
757 653 863 712 parare
878 635 1010 696 simnl'et
1023 639 1170 698 aerarios

104 741 105 750 ¹
165 737 296 796 parcere,
315 735 421 796 cogere
435 717 473 776 ad
488 717 617 778 militiam
632 736 682 778 eos
699 736 772 796 quos
785 718 860 780 nolis
875 719 1045 789 obtendere,
1059 721 1142 782 domi

50 821 53 826 ·
165 802 294 882 forisque
314 803 410 862 omnia
423 818 541 869 curare,
566 809 596 862 et
609 821 642 862 ea
658 820 745 879 agere
761 803 836 863 inter
852 803 964 880 invidos
981 821 1142 864 occursan-

139 888 201 946 4tis
224 886 357 946 factiosos
372 886 521 964 opinione,
544 884 682 955 Quirites,
705 888 837 966 asperius
852 892 903 946 est.
938 885 980 946 Ad
996 885 1067 955 boc,
1090 887 1143 948 alii

165 988 189 1027 si
181 969 368 1048 deliquere,
388 975 470 1029 vetus
487 969 640 1039 nobilitas,
662 971 804 1030 maiorum
819 969 904 1030 tortia
918 969 1009 1038 lacta,
1030 987 1140 1047 cogna-
1223 1023 1227 1036 .

164 1059 262 1113 torum
281 1060 311 1113 et
329 1053 466 1114 adfinium
495 1071 580 1130 opes,
609 1052 717 1113 multae
743 1041 907 1122 clientelae,
937 1055 1034 1114 omnia
1063 1054 1180 1124 baecto

86 1211 88 1220 1
165 1137 309 1212 praesidio
328 1137 448 1197 adsunt.
466 1137 537 1197 mibi
558 1152 625 1214 spes
644 1155 744 1197 omues
771 1139 802 1196 in
823 1143 931 1198 memet
950 1138 1036 1205 sitae,
1065 1155 1142 1216 quas

165 1236 286 1281 necesse
311 1227 355 1282 est
375 1222 479 1281 virtute
501 1228 530 1280 et
549 1221 712 1280 innocentia
732 1221 834 1280 tutari:
857 1238 926 1280 nam
947 1219 1002 1282 alia
1023 1221 1141 1282 infirma

141 1310 244 1366 asnnt.
280 1303 399 1366 Etillud
417 1303 560 1381 intellego,
583 1302 716 1372 Quirites,
735 1304 864 1364 omnium
880 1322 932 1363 ora
954 1305 983 1362 iu
1001 1323 1048 1364 me
1067 1323 1139 1366 con·

167 1404 252 1446 vorsa
275 1405 354 1457 esse,
376 1404 485 1465 aequos
502 1386 652 1464 bonosque
674 1386 830 1447 iavere—
795 1389 955 1467 —quippe
976 1405 1042 1448 mea
1061 1387 1140 1449 bene

129 1469 243 1530 iacta
264 1465 308 1532 rei
326 1469 459 1548 publicae
481 1471 699 1548 proceduut-
709 1469 918 1538 ,nobilitatem
939 1471 1066 1532 locum'
1058 1485 1139 1532 mva·
1125 1488 1177 1530 -ιι

140 1553 253 1618 edendi
268 1572 418 1654 quaerere.
447 1553 511 1624 Quo
525 1555 597 1615 mihi
608 1555 704 1616 acrius
714 1555 902 1615 adnitendum
914 1559 971 1622 est,
988 1556 1031 1616 uti
1041 1573 1139 1634 neque

104 1639 110 1651 “
141 1654 217 1701 tvos
232 1640 385 1717 capiamini
403 1647 432 1699 et
446 1639 608 1710 illitrustra
622 1641 686 1698 siut.
725 1638 768 1699 lta
786 1639 897 1700 adhoc
915 1639 1014 1700 aetatis
1033 1656 1138 1716 apue·
1253 1643 1254 1646 ’

40 1733 46 1747 ·
164 1723 230 1782 ritia
251 1723 306 1792 lui,
328 1725 371 1783 uti
392 1741 492 1783 omnes
508 1722 623 1782 labores
642 1729 673 1794 et
692 1721 821 1799 pericula
844 1729 981 1784 consueta
1003 1722 1136 1783 babeam.

140 1807 248 1877 sQuae
262 1814 327 1866 ante
342 1813 439 1865 rostra
454 1807 586 1866 benificia
600 1808 726 1881 gratuito
742 1805 892 1875 faciebam,
911 1825 943 1868 ea
961 1807 1002 1866 uti
1018 1813 1138 1883 accepta

141 1889 303 1956 emercede
317 1890 459 1959 deseram,
476 1895 593 1948 nonest
607 1889 767 1956 consilium,
786 1889 920 1958 Quirites
949 1888 1007 1950 Illis
1023 1889 1176 1950 difficilem

166 1973 251 2033 estin
267 1971 456 2050 potestatibus
467 1979 639 2050 temperare,
654 1973 705 2049 qni
719 1988 771 2048 per
787 1971 973 2054 ambitionem
990 1991 1053 2035 sese
1068 1990 1139 2050 pro·

164 2055 220 2116 bos
234 2055 421 2116 simulavere:
444 2055 525 2124 mibi,
542 2056 592 2133 qui
612 2071 728 2116 omnem
744 2061 867 2116 aetatem
882 2057 911 2116 in
928 2059 1053 2135 optumis
1068 2058 1138 2116 arti-

165 2140 221 2201 bus
239 2142 293 2216 egi,
310 2139 496 2200 benefacere
511 2139 566 2200 iarn
579 2137 615 2200 ex'
629 2139 839 2200 consuetudine
852 2141 1029 2202 intraturam
1041 2142 1135 2202 vortit

125 2219 159 2294 rb
249 2223 361 2285 Bellum
383 2241 430 2284 me
450 2239 554 2300 gerere
571 2243 637 2284 cum
652 2223 793 2302 Iugurtha
809 2225 945 2293 iussistis,
965 2242 1052 2303 quam
1073 2242 1137 2284 rem

165 2307 299 2369 nobilitas
317 2325 490 2384 aegerrume
512 2307 583 2369 tulit.
628 2308 758 2379 Quaeso,
788 2313 922 2384 reputate
944 2326 1011 2368 cum
1032 2309 1176 2368 animisaa

165 2395 284 2460 vostris,
312 2392 423 2451 numid
447 2393 552 2452 mutari
571 2385 674 2452 melius
696 2393 746 2459 sit,
769 2392 794 2452 si
816 2409 905 2474 quem
924 2409 960 2451 ex
981 2390 1029 2450 illo
1049 2390 1136 2466 globo

137 2475 139 2480 ’
165 2474 320 2534 nobilitatis
336 2475 371 2532 ad
387 2474 443 2534 hoe
457 2481 507 2534 aut
522 2474 598 2535 aliud
612 2475 669 2536 tale
682 2477 832 2573 negotium
846 2475 972 2543 mittatis,
986 2471 1138 2535 bominem

165 2559 270 2624 veteris
285 2559 437 2652 prosapiae
452 2574 487 2616 ac
501 2556 680 2618 multarum
672 2560 831 2634 mraginnm
843 2565 871 2619 et
885 2558 992 2619 nullius
1002 2559 1135 2636 stipendi,

166 2639 275 2700 seilicet
289 2641 342 2698 ιιι
334 2657 363 2698 ιιι
379 2642 458 2700 tanta
476 2656 510 2699 re
516 2641 643 2715 ignarus
658 2643 788 2700 omnium
802 2641 928 2719 trepidet
944 2642 1073 2711 festinet,
1087 2660 1136 2703 su·

124 2739 154 2790 11
166 2730 226 2784 mat
239 2722 364 2803 aliquem
379 2741 414 2784 ex
428 2722 537 2801 populo
547 2725 721 2783 monitorem
737 2724 813 2784 offici
831 2725 885 2784 sui
907 2724 948 2785 lta
963 2725 1177 2825 plerumqueao

167 2810 269 2878 evenit,
292 2809 333 2868 uti
348 2822 436 2886 quem
451 2824 502 2866 vos
518 2809 713 2884 inperatorem
729 2808 859 2877 iussistis,
877 2809 900 2868 is
918 2801 1029 2890 [sibi]
1022 2827 1137 2907 mpera-

126 2898 259 2958 latorem
274 2891 363 2952 alium
377 2896 506 2970 quaerat.
543 2891 639 2968 Atque
661 2907 716 2968 ego
734 2892 803 2960 scio,
826 2893 960 2963 Quirites,
983 2895 1041 2971 qui,
1057 2899 1136 2972 post·

88 3028 92 3032 .
166 2991 252 3052 quam
272 2973 406 3036 consules
428 2977 494 3036 lacti
515 2981 591 3044 sunt,
614 2981 643 3042 et
662 2981 726 3036 acta
742 2976 884 3036 maiorum
906 2984 936 3037 et
956 2977 1137 3038 Graecorum

165 3057 298 3118 militaria
315 3065 468 3138 praecepta
490 3060 589 3136 legere
606 3061 770 3148 coepeript:
794 3061 973 3157 praeposteri
988 3060 1135 3122 homines.

165 3160 233 3202 uam
253 3155 358 3216 gerere
380 3161 466 3220 quam
488 3145 551 3204 lieri
577 3149 709 3220 tempore
730 3129 891 3221 posterius,
919 3161 952 3204 re
974 3150 1060 3222 atque
1081 3159 1174 3205 usuae

125 3235 157 3287 13
161 3239 248 3302 parus
266 3231 317 3285 est.
353 3225 514 3302 Gonparate
533 3245 618 3296 nunc,
636 3227 770 3298 Quirites
787 3244 853 3288 cum
869 3227 984 3288 illorum
1001 3227 1136 3305 superbia

166 3326 214 3368 me
237 3309 385 3370 bominem
405 3325 519 3370 norom.
559 3305 639 3381 Quae
660 3310 700 3370 illi
720 3311 822 3371 audire
843 3318 893 3371 aut
913 3310 1011 3386 legere
1032 3311 1135 3382 solent,

166 3408 267 3450 eornm
282 3398 396 3469 partem
414 3391 481 3461 ridi,
498 3393 552 3452 alia
573 3401 689 3472 egomet
702 3395 791 3472 gessi:
814 3411 888 3472 quae
908 3393 949 3454 illi
967 3395 1078 3466 litteris,
1102 3411 1136 3456 aa
